
% Asplund et al. (2009) 
@ARTICLE{Asplund2009,
       author = {{Asplund}, Martin and {Grevesse}, Nicolas and {Sauval}, A. Jacques and {Scott}, Pat},
        title = "{The Chemical Composition of the Sun}",
      journal = {\araa},
     keywords = {Astrophysics - Solar and Stellar Astrophysics, Astrophysics - Earth and Planetary Astrophysics},
         year = 2009,
        month = sep,
       volume = {47},
       number = {1},
        pages = {481-522},
          doi = {10.1146/annurev.astro.46.060407.145222},
archivePrefix = {arXiv},
       eprint = {0909.0948},
 primaryClass = {astro-ph.SR},
       adsurl = {https://ui.adsabs.harvard.edu/abs/2009ARA&A..47..481A},
      adsnote = {Provided by the SAO/NASA Astrophysics Data System}
}

% Belfiore et al. (2017) 
@ARTICLE{Belfiore2017,
       author = {{Belfiore}, Francesco and {Maiolino}, Roberto and {Tremonti}, Christy and {S{\'a}nchez}, Sebastian F. and {Bundy}, Kevin and {Bershady}, Matthew and {Westfall}, Kyle and {Lin}, Lihwai and {Drory}, Niv and {Boquien}, M{\'e}d{\'e}ric and {Thomas}, Daniel and {Brinkmann}, Jonathan},
        title = "{SDSS IV MaNGA - metallicity and nitrogen abundance gradients in local galaxies}",
      journal = {\mnras},
     keywords = {galaxies: evolution, galaxies: fundamental parameters, galaxies: ISM, Astrophysics - Astrophysics of Galaxies},
         year = 2017,
        month = jul,
       volume = {469},
       number = {1},
        pages = {151-170},
          doi = {10.1093/mnras/stx789},
archivePrefix = {arXiv},
       eprint = {1703.03813},
 primaryClass = {astro-ph.GA},
       adsurl = {https://ui.adsabs.harvard.edu/abs/2017MNRAS.469..151B},
      adsnote = {Provided by the SAO/NASA Astrophysics Data System}
}

% Berg et al. (2012) 
@ARTICLE{Berg2012,
       author = {{Berg}, Danielle A. and {Skillman}, Evan D. and {Marble}, Andrew R. and {van Zee}, Liese and {Engelbracht}, Charles W. and {Lee}, Janice C. and {Kennicutt}, Robert C., Jr. and {Calzetti}, Daniela and {Dale}, Daniel A. and {Johnson}, Benjamin D.},
        title = "{Direct Oxygen Abundances for Low-luminosity LVL Galaxies}",
      journal = {\apj},
     keywords = {galaxies: abundances, galaxies: dwarf, galaxies: evolution, Astrophysics - Cosmology and Nongalactic Astrophysics},
         year = 2012,
        month = aug,
       volume = {754},
       number = {2},
          eid = {98},
        pages = {98},
          doi = {10.1088/0004-637X/754/2/98},
archivePrefix = {arXiv},
       eprint = {1205.6782},
 primaryClass = {astro-ph.CO},
       adsurl = {https://ui.adsabs.harvard.edu/abs/2012ApJ...754...98B},
      adsnote = {Provided by the SAO/NASA Astrophysics Data System}
}

% Cristallo et al. (2011) 
@ARTICLE{Cristallo2011,
       author = {{Cristallo}, S. and {Piersanti}, L. and {Straniero}, O. and {Gallino}, R. and {Dom{\'\i}nguez}, I. and {Abia}, C. and {Di Rico}, G. and {Quintini}, M. and {Bisterzo}, S.},
        title = "{Evolution, Nucleosynthesis, and Yields of Low-mass Asymptotic Giant Branch Stars at Different Metallicities. II. The FRUITY Database}",
      journal = {\apjs},
     keywords = {nuclear reactions, nucleosynthesis, abundances, stars: AGB and post-AGB, Astrophysics - Solar and Stellar Astrophysics},
         year = 2011,
        month = dec,
       volume = {197},
       number = {2},
          eid = {17},
        pages = {17},
          doi = {10.1088/0067-0049/197/2/17},
archivePrefix = {arXiv},
       eprint = {1109.1176},
 primaryClass = {astro-ph.SR},
       adsurl = {https://ui.adsabs.harvard.edu/abs/2011ApJS..197...17C},
      adsnote = {Provided by the SAO/NASA Astrophysics Data System}
}


% Dopita et al. (2016) 
@ARTICLE{Dopita2016,
       author = {{Dopita}, Michael A. and {Kewley}, Lisa J. and {Sutherland}, Ralph S. and {Nicholls}, David C.},
        title = "{Chemical abundances in high-redshift galaxies: a powerful new emission line diagnostic}",
      journal = {\apss},
     keywords = {Galaxies: high redshift, Galaxies: chemical abundances, HII regions, Emission lines, Astrophysics - Astrophysics of Galaxies, Astrophysics - Cosmology and Nongalactic Astrophysics},
         year = 2016,
        month = feb,
       volume = {361},
          eid = {61},
        pages = {61},
          doi = {10.1007/s10509-016-2657-8},
archivePrefix = {arXiv},
       eprint = {1601.01337},
 primaryClass = {astro-ph.GA},
       adsurl = {https://ui.adsabs.harvard.edu/abs/2016Ap&SS.361...61D},
      adsnote = {Provided by the SAO/NASA Astrophysics Data System}
}

% Henry, Edmunds & Koeppen (2000) 
@ARTICLE{Henry2000,
       author = {{Henry}, R.~B.~C. and {Edmunds}, M.~G. and {K{\"o}ppen}, J.},
        title = "{On the Cosmic Origins of Carbon and Nitrogen}",
      journal = {\apj},
     keywords = {Galaxies: Abundances, Galaxies: Evolution, Galaxy: Abundances, Galaxy: Evolution, ISM: Abundances, Nuclear Reactions, Nucleosynthesis, Abundances, Astrophysics},
         year = 2000,
        month = oct,
       volume = {541},
       number = {2},
        pages = {660-674},
          doi = {10.1086/309471},
archivePrefix = {arXiv},
       eprint = {astro-ph/0004299},
 primaryClass = {astro-ph},
       adsurl = {https://ui.adsabs.harvard.edu/abs/2000ApJ...541..660H},
      adsnote = {Provided by the SAO/NASA Astrophysics Data System}
}

% Izotov, Thuan & Guseva (2012) 
@ARTICLE{Izotov2012,
       author = {{Izotov}, Y.~I. and {Thuan}, T.~X. and {Guseva}, N.~G.},
        title = "{Hunting for extremely metal-poor emission-line galaxies in the Sloan Digital Sky Survey: MMT and 3.5 m APO observations}",
      journal = {\aap},
     keywords = {galaxies: abundances, galaxies: irregular, galaxies: evolution, galaxies: ISM, HII regions, ISM: abundances, Astrophysics - Cosmology and Nongalactic Astrophysics},
         year = 2012,
        month = oct,
       volume = {546},
          eid = {A122},
        pages = {A122},
          doi = {10.1051/0004-6361/201219733},
archivePrefix = {arXiv},
       eprint = {1207.5971},
 primaryClass = {astro-ph.CO},
       adsurl = {https://ui.adsabs.harvard.edu/abs/2012A&A...546A.122I},
      adsnote = {Provided by the SAO/NASA Astrophysics Data System}
}

% James et al. (2015) 
@ARTICLE{James2015,
       author = {{James}, Bethan L. and {Koposov}, Sergey and {Stark}, Daniel P. and {Belokurov}, Vasily and {Pettini}, Max and {Olszewski}, Edward W.},
        title = "{Uncovering blue diffuse dwarf galaxies}",
      journal = {\mnras},
     keywords = {galaxies: abundances, galaxies: dwarf, galaxies: evolution, galaxies: irregular, galaxies: star formation, Astrophysics - Astrophysics of Galaxies},
         year = 2015,
        month = apr,
       volume = {448},
       number = {3},
        pages = {2687-2703},
          doi = {10.1093/mnras/stv175},
archivePrefix = {arXiv},
       eprint = {1411.7371},
 primaryClass = {astro-ph.GA},
       adsurl = {https://ui.adsabs.harvard.edu/abs/2015MNRAS.448.2687J},
      adsnote = {Provided by the SAO/NASA Astrophysics Data System}
}

% Johnson & Weinberg (2020) 
@ARTICLE{Johnson2020,
       author = {{Johnson}, James W. and {Weinberg}, David H.},
        title = "{The impact of starbursts on element abundance ratios}",
      journal = {\mnras},
     keywords = {methods: numerical, galaxies: abundances, galaxies: evolution, galaxies: star formation, galaxies: stellar content, Astrophysics - Astrophysics of Galaxies},
         year = 2020,
        month = oct,
       volume = {498},
       number = {1},
        pages = {1364-1381},
          doi = {10.1093/mnras/staa2431},
archivePrefix = {arXiv},
       eprint = {1911.02598},
 primaryClass = {astro-ph.GA},
       adsurl = {https://ui.adsabs.harvard.edu/abs/2020MNRAS.498.1364J},
      adsnote = {Provided by the SAO/NASA Astrophysics Data System}
}

% Johnson et al. (2021) 
@ARTICLE{Johnson2021,
       author = {{Johnson}, James W. and {Weinberg}, David H. and {Vincenzo}, Fiorenzo and {Bird}, Jonathan C. and {Loebman}, Sarah R. and {Brooks}, Alyson M. and {Quinn}, Thomas R. and {Christensen}, Charlotte R. and {Griffith}, Emily J.},
        title = "{Stellar Migration and Chemical Enrichment in the Milky Way Disc: A Hybrid Model}",
      journal = {arXiv e-prints},
     keywords = {Astrophysics - Astrophysics of Galaxies},
         year = 2021,
        month = mar,
          eid = {arXiv:2103.09838},
        pages = {arXiv:2103.09838},
archivePrefix = {arXiv},
       eprint = {2103.09838},
 primaryClass = {astro-ph.GA},
       adsurl = {https://ui.adsabs.harvard.edu/abs/2021arXiv210309838J},
      adsnote = {Provided by the SAO/NASA Astrophysics Data System}
}

% Karakas (2010) 
@ARTICLE{Karakas2010,
       author = {{Karakas}, A.~I.},
        title = "{Updated stellar yields from asymptotic giant branch models}",
      journal = {\mnras},
     keywords = {nuclear reactions, nucleosynthesis, abundances, stars: AGB and post-AGB, stars: Population II, ISM: abundances, Astrophysics - Solar and Stellar Astrophysics, Astrophysics - Astrophysics of Galaxies},
         year = 2010,
        month = apr,
       volume = {403},
       number = {3},
        pages = {1413-1425},
          doi = {10.1111/j.1365-2966.2009.16198.x},
archivePrefix = {arXiv},
       eprint = {0912.2142},
 primaryClass = {astro-ph.SR},
       adsurl = {https://ui.adsabs.harvard.edu/abs/2010MNRAS.403.1413K},
      adsnote = {Provided by the SAO/NASA Astrophysics Data System}
}

% Kroupa (2001) 
@ARTICLE{Kroupa2001,
       author = {{Kroupa}, Pavel},
        title = "{On the variation of the initial mass function}",
      journal = {\mnras},
     keywords = {BINARIES: GENERAL, STARS: FORMATION, STARS: KINEMATICS, STARS: LUMINOSITY FUNCTION, MASS FUNCTION, GLOBULAR CLUSTERS: GENERAL, OPEN CLUSTERS AND ASSOCIATIONS: GENERAL, Astrophysics},
         year = 2001,
        month = apr,
       volume = {322},
       number = {2},
        pages = {231-246},
          doi = {10.1046/j.1365-8711.2001.04022.x},
archivePrefix = {arXiv},
       eprint = {astro-ph/0009005},
 primaryClass = {astro-ph},
       adsurl = {https://ui.adsabs.harvard.edu/abs/2001MNRAS.322..231K},
      adsnote = {Provided by the SAO/NASA Astrophysics Data System}
}

% Limongi & Chieffi (2018) 
@ARTICLE{Limongi2018,
       author = {{Limongi}, Marco and {Chieffi}, Alessandro},
        title = "{Presupernova Evolution and Explosive Nucleosynthesis of Rotating Massive Stars in the Metallicity Range -3 {\ensuremath{\leq}} [Fe/H] {\ensuremath{\leq}} 0}",
      journal = {\apjs},
     keywords = {stars: evolution, stars: interiors, stars: massive, stars: rotation, supernovae: general, Astrophysics - Solar and Stellar Astrophysics, Astrophysics - High Energy Astrophysical Phenomena},
         year = 2018,
        month = jul,
       volume = {237},
       number = {1},
          eid = {13},
        pages = {13},
          doi = {10.3847/1538-4365/aacb24},
archivePrefix = {arXiv},
       eprint = {1805.09640},
 primaryClass = {astro-ph.SR},
       adsurl = {https://ui.adsabs.harvard.edu/abs/2018ApJS..237...13L},
      adsnote = {Provided by the SAO/NASA Astrophysics Data System}
}

% Nomoto, Kobayashi & Tominaga (2013) 
@ARTICLE{Nomoto2013,
       author = {{Nomoto}, Ken'ichi and {Kobayashi}, Chiaki and {Tominaga}, Nozomu},
        title = "{Nucleosynthesis in Stars and the Chemical Enrichment of Galaxies}",
      journal = {\araa},
         year = 2013,
        month = aug,
       volume = {51},
       number = {1},
        pages = {457-509},
          doi = {10.1146/annurev-astro-082812-140956},
       adsurl = {https://ui.adsabs.harvard.edu/abs/2013ARA&A..51..457N},
      adsnote = {Provided by the SAO/NASA Astrophysics Data System}
}

% Pilyugin, Vilchez & Thuan (2010) 
@ARTICLE{Pilyugin2010,
       author = {{Pilyugin}, Leonid S. and {V{\'\i}lchez}, Jos{\'e} M. and {Thuan}, Trinh X.},
        title = "{New Improved Calibration Relations for the Determination of Electron Temperatures and Oxygen and Nitrogen Abundances in H II Regions}",
      journal = {\apj},
     keywords = {galaxies: abundances, galaxies: evolution, galaxies: ISM, H II regions},
         year = 2010,
        month = sep,
       volume = {720},
       number = {2},
        pages = {1738-1751},
          doi = {10.1088/0004-637X/720/2/1738},
       adsurl = {https://ui.adsabs.harvard.edu/abs/2010ApJ...720.1738P},
      adsnote = {Provided by the SAO/NASA Astrophysics Data System}
}

% Sukhbold et al. (2016) 
@ARTICLE{Sukhbold2016,
       author = {{Sukhbold}, Tuguldur and {Ertl}, T. and {Woosley}, S.~E. and {Brown}, Justin M. and {Janka}, H. -T.},
        title = "{Core-collapse Supernovae from 9 to 120 Solar Masses Based on Neutrino-powered Explosions}",
      journal = {\apj},
     keywords = {nuclear reactions, nucleosynthesis, abundances, stars: black holes, stars: massive, stars: neutron, supernovae: general, Astrophysics - High Energy Astrophysical Phenomena, Astrophysics - Solar and Stellar Astrophysics},
         year = 2016,
        month = apr,
       volume = {821},
       number = {1},
          eid = {38},
        pages = {38},
          doi = {10.3847/0004-637X/821/1/38},
archivePrefix = {arXiv},
       eprint = {1510.04643},
 primaryClass = {astro-ph.HE},
       adsurl = {https://ui.adsabs.harvard.edu/abs/2016ApJ...821...38S},
      adsnote = {Provided by the SAO/NASA Astrophysics Data System}
}

% Ventura et al. (2013) 
@ARTICLE{Ventura2013,
       author = {{Ventura}, P. and {Di Criscienzo}, M. and {Carini}, R. and {D'Antona}, F.},
        title = "{Yields of AGB and SAGB models with chemistry of low- and high-metallicity globular clusters}",
      journal = {\mnras},
     keywords = {stars: abundances, stars: AGB and post-AGB, stars: evolution, Astrophysics - Solar and Stellar Astrophysics},
         year = 2013,
        month = jun,
       volume = {431},
       number = {4},
        pages = {3642-3653},
          doi = {10.1093/mnras/stt444},
archivePrefix = {arXiv},
       eprint = {1303.3912},
 primaryClass = {astro-ph.SR},
       adsurl = {https://ui.adsabs.harvard.edu/abs/2013MNRAS.431.3642V},
      adsnote = {Provided by the SAO/NASA Astrophysics Data System}
}

% Vincenzo et al. (2016) 
@ARTICLE{Vincenzo2016,
       author = {{Vincenzo}, F. and {Belfiore}, F. and {Maiolino}, R. and {Matteucci}, F. and {Ventura}, P.},
        title = "{Nitrogen and oxygen abundances in the Local Universe}",
      journal = {\mnras},
     keywords = {stars: abundances, ISM: abundances, ISM: evolution, galaxies: abundances, galaxies: evolution, galaxies: ISM, Astrophysics - Astrophysics of Galaxies},
         year = 2016,
        month = jun,
       volume = {458},
       number = {4},
        pages = {3466-3477},
          doi = {10.1093/mnras/stw532},
archivePrefix = {arXiv},
       eprint = {1603.00460},
 primaryClass = {astro-ph.GA},
       adsurl = {https://ui.adsabs.harvard.edu/abs/2016MNRAS.458.3466V},
      adsnote = {Provided by the SAO/NASA Astrophysics Data System}
}

% Weinberg, Andrews & Freudenburg (2017) 
@ARTICLE{Weinberg2017,
       author = {{Weinberg}, David H. and {Andrews}, Brett H. and {Freudenburg}, Jenna},
        title = "{Equilibrium and Sudden Events in Chemical Evolution}",
      journal = {\apj},
     keywords = {galaxies: abundances, galaxies: evolution, Astrophysics - Astrophysics of Galaxies},
         year = 2017,
        month = mar,
       volume = {837},
       number = {2},
          eid = {183},
        pages = {183},
          doi = {10.3847/1538-4357/837/2/183},
archivePrefix = {arXiv},
       eprint = {1604.07435},
 primaryClass = {astro-ph.GA},
       adsurl = {https://ui.adsabs.harvard.edu/abs/2017ApJ...837..183W},
      adsnote = {Provided by the SAO/NASA Astrophysics Data System}
}

% Woosley & Weaver (1995) 
@ARTICLE{Woosley1995,
       author = {{Woosley}, S.~E. and {Weaver}, Thomas A.},
        title = "{The Evolution and Explosion of Massive Stars. II. Explosive Hydrodynamics and Nucleosynthesis}",
      journal = {\apjs},
     keywords = {HYDRODYNAMICS, NUCLEAR REACTIONS, NUCLEOSYNTHESIS, ABUNDANCES, STARS: EVOLUTION, STARS: INTERIORS, STARS: SUPERNOVAE: GENERAL},
         year = 1995,
        month = nov,
       volume = {101},
        pages = {181},
          doi = {10.1086/192237},
       adsurl = {https://ui.adsabs.harvard.edu/abs/1995ApJS..101..181W},
      adsnote = {Provided by the SAO/NASA Astrophysics Data System}
}
