
% Adams et al. (2017)
@ARTICLE{Adams2017,
       author = {{Adams}, S.~M. and {Kochanek}, C.~S. and {Gerke}, J.~R. and {Stanek}, K.~Z. and {Dai}, X.},
        title = "{The search for failed supernovae with the Large Binocular Telescope: confirmation of a disappearing star}",
      journal = {\mnras},
     keywords = {black hole physics, stars: massive, supernovae: individual: N6946-BH1, Astrophysics - Solar and Stellar Astrophysics, Astrophysics - Astrophysics of Galaxies, Astrophysics - High Energy Astrophysical Phenomena},
         year = 2017,
        month = jul,
       volume = {468},
       number = {4},
        pages = {4968-4981},
          doi = {10.1093/mnras/stx816},
archivePrefix = {arXiv},
       eprint = {1609.01283},
 primaryClass = {astro-ph.SR},
       adsurl = {https://ui.adsabs.harvard.edu/abs/2017MNRAS.468.4968A},
      adsnote = {Provided by the SAO/NASA Astrophysics Data System}
}

% Anders & Grevesse (1989)
@ARTICLE{Anders1989,
       author = {{Anders}, E. and {Grevesse}, N.},
        title = "{Abundances of the elements: Meteoritic and solar}",
      journal = {\gca},
     keywords = {Abundance, Chemical Analysis, Chondrites, Meteoritic Composition, Photosphere, Solar Corona, Energetic Particles, Isotopes, Solar Wind, METEORITES, ABUNDANCE, SAMPLES, METEORITE, CI CHONDRITES, SUN, CORONA, PHOTOSPHERE, REVIEW, ELEMENTS, FRACTIONATION, SOLAR SYSTEM, NUCLIDES, SOLAR WIND, CHARGED PARTICLES, RARE GASES, REFRACTORY ELEMENTS, COMETS, SIDEROPHILES, VOLATILES, NUCLEOSYNTHESIS, HALLEY, COMPARISONS, Astrophysics; Meteorites},
         year = 1989,
        month = jan,
       volume = {53},
       number = {1},
        pages = {197-214},
          doi = {10.1016/0016-7037(89)90286-X},
       adsurl = {https://ui.adsabs.harvard.edu/abs/1989GeCoA..53..197A},
      adsnote = {Provided by the SAO/NASA Astrophysics Data System}
}

% Andrews & Martini (2013)
@ARTICLE{Andrews2013,
       author = {{Andrews}, Brett H. and {Martini}, Paul},
        title = "{The Mass-Metallicity Relation with the Direct Method on Stacked Spectra of SDSS Galaxies}",
      journal = {\apj},
     keywords = {galaxies: abundances, galaxies: evolution, galaxies: general, galaxies: ISM, galaxies: stellar content, ISM: abundances, Astrophysics - Cosmology and Nongalactic Astrophysics},
         year = 2013,
        month = mar,
       volume = {765},
       number = {2},
          eid = {140},
        pages = {140},
          doi = {10.1088/0004-637X/765/2/140},
archivePrefix = {arXiv},
       eprint = {1211.3418},
 primaryClass = {astro-ph.CO},
       adsurl = {https://ui.adsabs.harvard.edu/abs/2013ApJ...765..140A},
      adsnote = {Provided by the SAO/NASA Astrophysics Data System}
}

% Andrews et al. (2017) 
@ARTICLE{Andrews2017,
       author = {{Andrews}, Brett H. and {Weinberg}, David H. and {Sch{\"o}nrich}, Ralph and {Johnson}, Jennifer A.},
        title = "{Inflow, Outflow, Yields, and Stellar Population Mixing in Chemical Evolution Models}",
      journal = {\apj},
     keywords = {galaxies: ISM, Galaxy: evolution, Galaxy: formation, Galaxy: general, Galaxy: stellar content, stars: abundances, Astrophysics - Astrophysics of Galaxies, Astrophysics - Solar and Stellar Astrophysics},
         year = 2017,
        month = feb,
       volume = {835},
       number = {2},
          eid = {224},
        pages = {224},
          doi = {10.3847/1538-4357/835/2/224},
archivePrefix = {arXiv},
       eprint = {1604.08613},
 primaryClass = {astro-ph.GA},
       adsurl = {https://ui.adsabs.harvard.edu/abs/2017ApJ...835..224A},
      adsnote = {Provided by the SAO/NASA Astrophysics Data System}
}

% Asplund, Grevesse & Sauval (2005)
@INPROCEEDINGS{Asplund2005,
       author = {{Asplund}, M. and {Grevesse}, N. and {Sauval}, A.~J.},
        title = "{The Solar Chemical Composition}",
    booktitle = {Cosmic Abundances as Records of Stellar Evolution and Nucleosynthesis},
         year = 2005,
       editor = {{Barnes}, Thomas G., III and {Bash}, Frank N.},
       series = {Astronomical Society of the Pacific Conference Series},
       volume = {336},
        month = sep,
        pages = {25},
       adsurl = {https://ui.adsabs.harvard.edu/abs/2005ASPC..336...25A},
      adsnote = {Provided by the SAO/NASA Astrophysics Data System}
}

% Asplund et al. (2009) 
@ARTICLE{Asplund2009,
       author = {{Asplund}, Martin and {Grevesse}, Nicolas and {Sauval}, A. Jacques and {Scott}, Pat},
        title = "{The Chemical Composition of the Sun}",
      journal = {\araa},
     keywords = {Astrophysics - Solar and Stellar Astrophysics, Astrophysics - Earth and Planetary Astrophysics},
         year = 2009,
        month = sep,
       volume = {47},
       number = {1},
        pages = {481-522},
          doi = {10.1146/annurev.astro.46.060407.145222},
archivePrefix = {arXiv},
       eprint = {0909.0948},
 primaryClass = {astro-ph.SR},
       adsurl = {https://ui.adsabs.harvard.edu/abs/2009ARA&A..47..481A},
      adsnote = {Provided by the SAO/NASA Astrophysics Data System}
}

% Asplund, Amarsi & Grevesse (2021)
@ARTICLE{Asplund2021,
       author = {{Asplund}, M. and {Amarsi}, A.~M. and {Grevesse}, N.},
        title = "{The chemical make-up of the Sun: A 2020 vision}",
      journal = {\aap},
     keywords = {Sun: abundances, Sun: photosphere, Sun: atmosphere, line: formation, meteorites, meteors, meteoroids, Sun: helioseismology, Astrophysics - Solar and Stellar Astrophysics, Astrophysics - Earth and Planetary Astrophysics},
         year = 2021,
        month = sep,
       volume = {653},
          eid = {A141},
        pages = {A141},
          doi = {10.1051/0004-6361/202140445},
archivePrefix = {arXiv},
       eprint = {2105.01661},
 primaryClass = {astro-ph.SR},
       adsurl = {https://ui.adsabs.harvard.edu/abs/2021A&A...653A.141A},
      adsnote = {Provided by the SAO/NASA Astrophysics Data System}
}

% Basinger et al. (2021)
@ARTICLE{Basinger2021,
       author = {{Basinger}, C.~M. and {Kochanek}, C.~S. and {Adams}, S.~M. and {Dai}, X. and {Stanek}, K.~Z.},
        title = "{The search for failed supernovae with the Large Binocular Telescope: N6946-BH1, still no star}",
      journal = {\mnras},
     keywords = {black hole physics, stars: massive, Astrophysics - Solar and Stellar Astrophysics, Astrophysics - Astrophysics of Galaxies, Astrophysics - High Energy Astrophysical Phenomena},
         year = 2021,
        month = nov,
       volume = {508},
       number = {1},
        pages = {1156-1164},
          doi = {10.1093/mnras/stab2620},
archivePrefix = {arXiv},
       eprint = {2007.15658},
 primaryClass = {astro-ph.SR},
       adsurl = {https://ui.adsabs.harvard.edu/abs/2021MNRAS.508.1156B},
      adsnote = {Provided by the SAO/NASA Astrophysics Data System}
}

% Belfiore et al. (2017) 
@ARTICLE{Belfiore2017,
       author = {{Belfiore}, Francesco and {Maiolino}, Roberto and {Tremonti}, Christy and {S{\'a}nchez}, Sebastian F. and {Bundy}, Kevin and {Bershady}, Matthew and {Westfall}, Kyle and {Lin}, Lihwai and {Drory}, Niv and {Boquien}, M{\'e}d{\'e}ric and {Thomas}, Daniel and {Brinkmann}, Jonathan},
        title = "{SDSS IV MaNGA - metallicity and nitrogen abundance gradients in local galaxies}",
      journal = {\mnras},
     keywords = {galaxies: evolution, galaxies: fundamental parameters, galaxies: ISM, Astrophysics - Astrophysics of Galaxies},
         year = 2017,
        month = jul,
       volume = {469},
       number = {1},
        pages = {151-170},
          doi = {10.1093/mnras/stx789},
archivePrefix = {arXiv},
       eprint = {1703.03813},
 primaryClass = {astro-ph.GA},
       adsurl = {https://ui.adsabs.harvard.edu/abs/2017MNRAS.469..151B},
      adsnote = {Provided by the SAO/NASA Astrophysics Data System}
}

% Berg et al. (2012) 
@ARTICLE{Berg2012,
       author = {{Berg}, Danielle A. and {Skillman}, Evan D. and {Marble}, Andrew R. and {van Zee}, Liese and {Engelbracht}, Charles W. and {Lee}, Janice C. and {Kennicutt}, Robert C., Jr. and {Calzetti}, Daniela and {Dale}, Daniel A. and {Johnson}, Benjamin D.},
        title = "{Direct Oxygen Abundances for Low-luminosity LVL Galaxies}",
      journal = {\apj},
     keywords = {galaxies: abundances, galaxies: dwarf, galaxies: evolution, Astrophysics - Cosmology and Nongalactic Astrophysics},
         year = 2012,
        month = aug,
       volume = {754},
       number = {2},
          eid = {98},
        pages = {98},
          doi = {10.1088/0004-637X/754/2/98},
archivePrefix = {arXiv},
       eprint = {1205.6782},
 primaryClass = {astro-ph.CO},
       adsurl = {https://ui.adsabs.harvard.edu/abs/2012ApJ...754...98B},
      adsnote = {Provided by the SAO/NASA Astrophysics Data System}
}

% Berg et al. (2015)
@ARTICLE{Berg2015,
       author = {{Berg}, Danielle A. and {Skillman}, Evan D. and {Croxall}, Kevin V. and {Pogge}, Richard W. and {Moustakas}, John and {Johnson-Groh}, Mara},
        title = "{CHAOS I. Direct Chemical Abundances for H II Regions in NGC 628}",
      journal = {\apj},
     keywords = {galaxies: abundances, galaxies: evolution, galaxies: individual: NGC 628, galaxies: ISM, galaxies: spiral, ISM: lines and bands, Astrophysics - Astrophysics of Galaxies},
         year = 2015,
        month = jun,
       volume = {806},
       number = {1},
          eid = {16},
        pages = {16},
          doi = {10.1088/0004-637X/806/1/16},
archivePrefix = {arXiv},
       eprint = {1501.02270},
 primaryClass = {astro-ph.GA},
       adsurl = {https://ui.adsabs.harvard.edu/abs/2015ApJ...806...16B},
      adsnote = {Provided by the SAO/NASA Astrophysics Data System}
}

% Berg et al. (2020) 
@ARTICLE{Berg2020,
       author = {{Berg}, Danielle A. and {Pogge}, Richard W. and {Skillman}, Evan D. and {Croxall}, Kevin V. and {Moustakas}, John and {Rogers}, Noah S.~J. and {Sun}, Jiayi},
        title = "{CHAOS IV: Gas-phase Abundance Trends from the First Four CHAOS Galaxies}",
      journal = {\apj},
     keywords = {224, 574, 832, 1031, 1560, 580, 594, 847, Astrophysics - Astrophysics of Galaxies},
         year = 2020,
        month = apr,
       volume = {893},
       number = {2},
          eid = {96},
        pages = {96},
          doi = {10.3847/1538-4357/ab7eab},
archivePrefix = {arXiv},
       eprint = {2001.05002},
 primaryClass = {astro-ph.GA},
       adsurl = {https://ui.adsabs.harvard.edu/abs/2020ApJ...893...96B},
      adsnote = {Provided by the SAO/NASA Astrophysics Data System}
}

% Bigiel et al. (2010) 
@ARTICLE{Bigiel2010,
       author = {{Bigiel}, F. and {Leroy}, A. and {Walter}, F. and {Blitz}, L. and
         {Brinks}, E. and {de Blok}, W.~J.~G. and {Madore}, B.},
        title = "{Extremely Inefficient Star Formation in the Outer Disks of Nearby Galaxies}",
      journal = {\aj},
     keywords = {galaxies: evolution, galaxies: ISM, radio lines: galaxies, stars: formation, Astrophysics - Cosmology and Nongalactic Astrophysics, Astrophysics - Astrophysics of Galaxies},
         year = 2010,
        month = nov,
       volume = {140},
       number = {5},
        pages = {1194-1213},
          doi = {10.1088/0004-6256/140/5/1194},
archivePrefix = {arXiv},
       eprint = {1007.3498},
 primaryClass = {astro-ph.CO},
       adsurl = {https://ui.adsabs.harvard.edu/abs/2010AJ....140.1194B},
      adsnote = {Provided by the SAO/NASA Astrophysics Data System}
}

% Bilitewski & Schoenrich (2012)
@ARTICLE{Bilitewski2012,
       author = {{Bilitewski}, Thomas and {Sch{\"o}nrich}, Ralph},
        title = "{Radial flows and angular momentum conservation in Galactic chemical evolution}",
      journal = {\mnras},
     keywords = {Galaxy: abundances, Galaxy: evolution, intergalactic medium, galaxies: ISM, galaxies: kinematics and dynamics, Astrophysics - Galaxy Astrophysics},
         year = 2012,
        month = nov,
       volume = {426},
       number = {3},
        pages = {2266-2282},
          doi = {10.1111/j.1365-2966.2012.21827.x},
archivePrefix = {arXiv},
       eprint = {1208.0003},
 primaryClass = {astro-ph.GA},
       adsurl = {https://ui.adsabs.harvard.edu/abs/2012MNRAS.426.2266B},
      adsnote = {Provided by the SAO/NASA Astrophysics Data System}
}

% Bird et al. (2012)
@ARTICLE{Bird2012,
       author = {{Bird}, Jonathan C. and {Kazantzidis}, Stelios and {Weinberg}, David H.},
        title = "{Radial mixing in galactic discs: the effects of disc structure and satellite bombardment}",
      journal = {\mnras},
     keywords = {methods: numerical, stars: kinematics and dynamics, Galaxy: disc, Galaxy: kinematics and dynamics, galaxies: evolution, galaxies: formation, Astrophysics - Astrophysics of Galaxies},
         year = 2012,
        month = feb,
       volume = {420},
       number = {2},
        pages = {913-925},
          doi = {10.1111/j.1365-2966.2011.19728.x},
archivePrefix = {arXiv},
       eprint = {1104.0933},
 primaryClass = {astro-ph.GA},
       adsurl = {https://ui.adsabs.harvard.edu/abs/2012MNRAS.420..913B},
      adsnote = {Provided by the SAO/NASA Astrophysics Data System}
}

% Bird et al. (2013)
@ARTICLE{Bird2013,
       author = {{Bird}, Jonathan C. and {Kazantzidis}, Stelios and {Weinberg}, David H. and {Guedes}, Javiera and {Callegari}, Simone and {Mayer}, Lucio and {Madau}, Piero},
        title = "{Inside out and Upside down: Tracing the Assembly of a Simulated Disk Galaxy Using Mono-age Stellar Populations}",
      journal = {\apj},
     keywords = {galaxies: evolution, galaxies: spiral, Galaxy: evolution, Galaxy: formation, Galaxy: kinematics and dynamics, Galaxy: structure, Astrophysics - Astrophysics of Galaxies},
         year = 2013,
        month = aug,
       volume = {773},
       number = {1},
          eid = {43},
        pages = {43},
          doi = {10.1088/0004-637X/773/1/43},
archivePrefix = {arXiv},
       eprint = {1301.0620},
 primaryClass = {astro-ph.GA},
       adsurl = {https://ui.adsabs.harvard.edu/abs/2013ApJ...773...43B},
      adsnote = {Provided by the SAO/NASA Astrophysics Data System}
}

% Bird et al. (2021) 
@ARTICLE{Bird2021,
       author = {{Bird}, Jonathan C. and {Loebman}, Sarah R. and {Weinberg}, David H. and {Brooks}, Alyson M. and {Quinn}, Thomas R. and {Christensen}, Charlotte R.},
        title = "{Inside out and upside-down: The roles of gas cooling and dynamical heating in shaping the stellar age-velocity relation}",
      journal = {\mnras},
     keywords = {stars: kinematics and dynamics, ISM: kinematics and dynamics, Galaxy: evolution, galaxies: evolution, galaxies: ISM, stars: formation, Astrophysics - Astrophysics of Galaxies},
         year = 2021,
        month = may,
       volume = {503},
       number = {2},
        pages = {1815-1827},
          doi = {10.1093/mnras/stab289},
archivePrefix = {arXiv},
       eprint = {2005.12948},
 primaryClass = {astro-ph.GA},
       adsurl = {https://ui.adsabs.harvard.edu/abs/2021MNRAS.503.1815B},
      adsnote = {Provided by the SAO/NASA Astrophysics Data System}
}

% Bland-Hawthorn & Gerhard (2016) 
@ARTICLE{Bland-Hawthorn2016,
       author = {{Bland-Hawthorn}, Joss and {Gerhard}, Ortwin},
        title = "{The Galaxy in Context: Structural, Kinematic, and Integrated Properties}",
      journal = {\araa},
     keywords = {Astrophysics - Astrophysics of Galaxies},
         year = 2016,
        month = sep,
       volume = {54},
        pages = {529-596},
          doi = {10.1146/annurev-astro-081915-023441},
archivePrefix = {arXiv},
       eprint = {1602.07702},
 primaryClass = {astro-ph.GA},
       adsurl = {https://ui.adsabs.harvard.edu/abs/2016ARA&A..54..529B},
      adsnote = {Provided by the SAO/NASA Astrophysics Data System}
}

% Bloecker (1995)
@ARTICLE{Bloecker1995,
       author = {{Bloecker}, T.},
        title = "{Stellar evolution of low and intermediate-mass stars. I. Mass loss on the AGB and its consequences for stellar evolution.}",
      journal = {\aap},
     keywords = {STARS: EVOLUTION, STARS: MASS LOSS, STARS: AGB, POST-AGB},
         year = 1995,
        month = may,
       volume = {297},
        pages = {727},
       adsurl = {https://ui.adsabs.harvard.edu/abs/1995A&A...297..727B},
      adsnote = {Provided by the SAO/NASA Astrophysics Data System}
}

% Bovy et al. (2019) 
@ARTICLE{Bovy2019,
       author = {{Bovy}, Jo and {Leung}, Henry W. and {Hunt}, Jason A.~S. and {Mackereth}, J. Ted and {Garc{\'\i}a-Hern{\'a}ndez}, Domingo A. and {Roman-Lopes}, Alexandre},
        title = "{Life in the fast lane: a direct view of the dynamics, formation, and evolution of the Milky Way's bar}",
      journal = {\mnras},
     keywords = {Galaxy: abundances, Galaxy: bulge, Galaxy: evolution, Galaxy: fundamental parameters, Galaxy: kinematics and dynamics, Galaxy: structure, Astrophysics - Astrophysics of Galaxies, Astrophysics - Cosmology and Nongalactic Astrophysics},
         year = 2019,
        month = dec,
       volume = {490},
       number = {4},
        pages = {4740-4747},
          doi = {10.1093/mnras/stz2891},
archivePrefix = {arXiv},
       eprint = {1905.11404},
 primaryClass = {astro-ph.GA},
       adsurl = {https://ui.adsabs.harvard.edu/abs/2019MNRAS.490.4740B},
      adsnote = {Provided by the SAO/NASA Astrophysics Data System}
}

% Brooks & Zolotov (2014) 
@ARTICLE{Brooks2014,
       author = {{Brooks}, Alyson M. and {Zolotov}, Adi},
        title = "{Why Baryons Matter: The Kinematics of Dwarf Spheroidal Satellites}",
      journal = {\apj},
     keywords = {galaxies: dwarf, galaxies: evolution, galaxies: interactions, galaxies: kinematics and dynamics, Astrophysics - Cosmology and Nongalactic Astrophysics},
         year = 2014,
        month = may,
       volume = {786},
       number = {2},
          eid = {87},
        pages = {87},
          doi = {10.1088/0004-637X/786/2/87},
archivePrefix = {arXiv},
       eprint = {1207.2468},
 primaryClass = {astro-ph.CO},
       adsurl = {https://ui.adsabs.harvard.edu/abs/2014ApJ...786...87B},
      adsnote = {Provided by the SAO/NASA Astrophysics Data System}
}

% Brooks et al. (2017) 
@ARTICLE{Brooks2017,
       author = {{Brooks}, Alyson M. and {Papastergis}, Emmanouil and {Christensen}, Charlotte R. and {Governato}, Fabio and {Stilp}, Adrienne and {Quinn}, Thomas R. and {Wadsley}, James},
        title = "{How to Reconcile the Observed Velocity Function of Galaxies with Theory}",
      journal = {\apj},
     keywords = {galaxies: dwarf, galaxies: fundamental parameters, galaxies: kinematics and dynamics, Astrophysics - Astrophysics of Galaxies},
         year = 2017,
        month = nov,
       volume = {850},
       number = {1},
          eid = {97},
        pages = {97},
          doi = {10.3847/1538-4357/aa9576},
archivePrefix = {arXiv},
       eprint = {1701.07835},
 primaryClass = {astro-ph.GA},
       adsurl = {https://ui.adsabs.harvard.edu/abs/2017ApJ...850...97B},
      adsnote = {Provided by the SAO/NASA Astrophysics Data System}
}

% Bundy et al. (2015) 
@ARTICLE{Bundy2015,
       author = {{Bundy}, Kevin and {Bershady}, Matthew A. and {Law}, David R. and {Yan}, Renbin and {Drory}, Niv and {MacDonald}, Nicholas and {Wake}, David A. and {Cherinka}, Brian and {S{\'a}nchez-Gallego}, Jos{\'e} R. and {Weijmans}, Anne-Marie and {Thomas}, Daniel and {Tremonti}, Christy and {Masters}, Karen and {Coccato}, Lodovico and {Diamond-Stanic}, Aleksandar M. and {Arag{\'o}n-Salamanca}, Alfonso and {Avila-Reese}, Vladimir and {Badenes}, Carles and {Falc{\'o}n-Barroso}, J{\'e}sus and {Belfiore}, Francesco and {Bizyaev}, Dmitry and {Blanc}, Guillermo A. and {Bland-Hawthorn}, Joss and {Blanton}, Michael R. and {Brownstein}, Joel R. and {Byler}, Nell and {Cappellari}, Michele and {Conroy}, Charlie and {Dutton}, Aaron A. and {Emsellem}, Eric and {Etherington}, James and {Frinchaboy}, Peter M. and {Fu}, Hai and {Gunn}, James E. and {Harding}, Paul and {Johnston}, Evelyn J. and {Kauffmann}, Guinevere and {Kinemuchi}, Karen and {Klaene}, Mark A. and {Knapen}, Johan H. and {Leauthaud}, Alexie and {Li}, Cheng and {Lin}, Lihwai and {Maiolino}, Roberto and {Malanushenko}, Viktor and {Malanushenko}, Elena and {Mao}, Shude and {Maraston}, Claudia and {McDermid}, Richard M. and {Merrifield}, Michael R. and {Nichol}, Robert C. and {Oravetz}, Daniel and {Pan}, Kaike and {Parejko}, John K. and {Sanchez}, Sebastian F. and {Schlegel}, David and {Simmons}, Audrey and {Steele}, Oliver and {Steinmetz}, Matthias and {Thanjavur}, Karun and {Thompson}, Benjamin A. and {Tinker}, Jeremy L. and {van den Bosch}, Remco C.~E. and {Westfall}, Kyle B. and {Wilkinson}, David and {Wright}, Shelley and {Xiao}, Ting and {Zhang}, Kai},
        title = "{Overview of the SDSS-IV MaNGA Survey: Mapping nearby Galaxies at Apache Point Observatory}",
      journal = {\apj},
     keywords = {galaxies: evolution, galaxies: general, surveys, techniques: imaging spectroscopy, Astrophysics - Astrophysics of Galaxies},
         year = 2015,
        month = jan,
       volume = {798},
       number = {1},
          eid = {7},
        pages = {7},
          doi = {10.1088/0004-637X/798/1/7},
archivePrefix = {arXiv},
       eprint = {1412.1482},
 primaryClass = {astro-ph.GA},
       adsurl = {https://ui.adsabs.harvard.edu/abs/2015ApJ...798....7B},
      adsnote = {Provided by the SAO/NASA Astrophysics Data System}
}

% Cantiello & Langer (2010) 
@ARTICLE{Cantiello2010,
       author = {{Cantiello}, M. and {Langer}, N.},
        title = "{Thermohaline mixing in evolved low-mass stars}",
      journal = {\aap},
     keywords = {stars: abundances, stars: evolution, stars: magnetic field, nuclear reactions, nucleosynthesis, abundances, stars: AGB and post-AGB, stars: rotation, Astrophysics - Solar and Stellar Astrophysics},
         year = 2010,
        month = oct,
       volume = {521},
          eid = {A9},
        pages = {A9},
          doi = {10.1051/0004-6361/201014305},
archivePrefix = {arXiv},
       eprint = {1006.1354},
 primaryClass = {astro-ph.SR},
       adsurl = {https://ui.adsabs.harvard.edu/abs/2010A&A...521A...9C},
      adsnote = {Provided by the SAO/NASA Astrophysics Data System}
}

% Charbonnel & Zahn (2007) 
@ARTICLE{Charbonnel2007,
       author = {{Charbonnel}, C. and {Zahn}, J. -P.},
        title = "{Thermohaline mixing: a physical mechanism governing the photospheric composition of low-mass giants}",
      journal = {\aap},
     keywords = {instabilities, stars: abundances, stars: interiors, hydrodynamics, Astrophysics},
         year = 2007,
        month = may,
       volume = {467},
       number = {1},
        pages = {L15-L18},
          doi = {10.1051/0004-6361:20077274},
archivePrefix = {arXiv},
       eprint = {astro-ph/0703302},
 primaryClass = {astro-ph},
       adsurl = {https://ui.adsabs.harvard.edu/abs/2007A&A...467L..15C},
      adsnote = {Provided by the SAO/NASA Astrophysics Data System}
}

% Charbonnel & Lagarde (2010) 
@ARTICLE{Charbonnel2010,
       author = {{Charbonnel}, C. and {Lagarde}, N.},
        title = "{Thermohaline instability and rotation-induced mixing. I. Low- and intermediate-mass solar metallicity stars up to the end of the AGB}",
      journal = {\aap},
     keywords = {instabilities, stars: abundances, stars: interiors, stars: rotation, stars: evolution, hydrodynamics, Astrophysics - Solar and Stellar Astrophysics},
         year = 2010,
        month = nov,
       volume = {522},
          eid = {A10},
        pages = {A10},
          doi = {10.1051/0004-6361/201014432},
archivePrefix = {arXiv},
       eprint = {1006.5359},
 primaryClass = {astro-ph.SR},
       adsurl = {https://ui.adsabs.harvard.edu/abs/2010A&A...522A..10C},
      adsnote = {Provided by the SAO/NASA Astrophysics Data System}
}

% Chiappini et al. (2015) 
@ARTICLE{Chiappini2015,
       author = {{Chiappini}, C. and {Anders}, F. and {Rodrigues}, T.~S. and {Miglio}, A. and {Montalb{\'a}n}, J. and {Mosser}, B. and {Girardi}, L. and {Valentini}, M. and {Noels}, A. and {Morel}, T. and {Minchev}, I. and {Steinmetz}, M. and {Santiago}, B.~X. and {Schultheis}, M. and {Martig}, M. and {da Costa}, L.~N. and {Maia}, M.~A.~G. and {Allende Prieto}, C. and {de Assis Peralta}, R. and {Hekker}, S. and {Theme{\ss}l}, N. and {Kallinger}, T. and {Garc{\'\i}a}, R.~A. and {Mathur}, S. and {Baudin}, F. and {Beers}, T.~C. and {Cunha}, K. and {Harding}, P. and {Holtzman}, J. and {Majewski}, S. and {M{\'e}sz{\'a}ros}, Sz. and {Nidever}, D. and {Pan}, K. and {Schiavon}, R.~P. and {Shetrone}, M.~D. and {Schneider}, D.~P. and {Stassun}, K.},
        title = "{Young [{\ensuremath{\alpha}}/Fe]-enhanced stars discovered by CoRoT and APOGEE: What is their origin?}",
      journal = {\aap},
     keywords = {Galaxy: abundances, Galaxy: disk, Galaxy: formation, Galaxy: stellar content, stars: fundamental parameters, asteroseismology, Astrophysics - Solar and Stellar Astrophysics, Astrophysics - Astrophysics of Galaxies},
         year = 2015,
        month = apr,
       volume = {576},
          eid = {L12},
        pages = {L12},
          doi = {10.1051/0004-6361/201525865},
archivePrefix = {arXiv},
       eprint = {1503.06990},
 primaryClass = {astro-ph.SR},
       adsurl = {https://ui.adsabs.harvard.edu/abs/2015A&A...576L..12C},
      adsnote = {Provided by the SAO/NASA Astrophysics Data System}
}

% Chieffi & Limongi (2004)
@ARTICLE{Chieffi2004,
       author = {{Chieffi}, Alessandro and {Limongi}, Marco},
        title = "{Explosive Yields of Massive Stars from Z = 0 to Z = Z$_{solar}$}",
      journal = {\apj},
     keywords = {Nuclear Reactions, Nucleosynthesis, Abundances, Stars: Evolution, Stars: Supernovae: General, Astrophysics},
         year = 2004,
        month = jun,
       volume = {608},
       number = {1},
        pages = {405-410},
          doi = {10.1086/392523},
archivePrefix = {arXiv},
       eprint = {astro-ph/0402625},
 primaryClass = {astro-ph},
       adsurl = {https://ui.adsabs.harvard.edu/abs/2004ApJ...608..405C},
      adsnote = {Provided by the SAO/NASA Astrophysics Data System}
}

% Chieffi & Limongi (2013) 
@ARTICLE{Chieffi2013,
       author = {{Chieffi}, Alessandro and {Limongi}, Marco},
        title = "{Pre-supernova Evolution of Rotating Solar Metallicity Stars in the Mass Range 13-120 M $_{☉}$ and their Explosive Yields}",
      journal = {\apj},
     keywords = {stars: evolution, stars: interiors, stars: massive, stars: rotation, supernovae: general},
         year = 2013,
        month = feb,
       volume = {764},
       number = {1},
          eid = {21},
        pages = {21},
          doi = {10.1088/0004-637X/764/1/21},
       adsurl = {https://ui.adsabs.harvard.edu/abs/2013ApJ...764...21C},
      adsnote = {Provided by the SAO/NASA Astrophysics Data System}
}

% Chisholm, Tremonti & Leitherer (2018)
@ARTICLE{Chisholm2018,
       author = {{Chisholm}, J. and {Tremonti}, C. and {Leitherer}, C.},
        title = "{Metal-enriched galactic outflows shape the mass-metallicity relationship}",
      journal = {\mnras},
     keywords = {ISM: jets and outflows, galaxies: evolution, galaxies: formation, ultraviolet: ISM, Astrophysics - Astrophysics of Galaxies},
         year = 2018,
        month = dec,
       volume = {481},
       number = {2},
        pages = {1690-1706},
          doi = {10.1093/mnras/sty2380},
archivePrefix = {arXiv},
       eprint = {1808.10453},
 primaryClass = {astro-ph.GA},
       adsurl = {https://ui.adsabs.harvard.edu/abs/2018MNRAS.481.1690C},
      adsnote = {Provided by the SAO/NASA Astrophysics Data System}
}

% Christensen et al. (2012)
@ARTICLE{Christensen2012,
       author = {{Christensen}, Charlotte and {Quinn}, Thomas and {Governato}, Fabio and
         {Stilp}, Adrienne and {Shen}, Sijing and {Wadsley}, James},
        title = "{Implementing molecular hydrogen in hydrodynamic simulations of galaxy formation}",
      journal = {\mnras},
     keywords = {hydrodynamics, stars: formation, ISM: molecules, galaxies: dwarf, galaxies: evolution, Astrophysics - Cosmology and Nongalactic Astrophysics},
         year = 2012,
        month = oct,
       volume = {425},
       number = {4},
        pages = {3058-3076},
          doi = {10.1111/j.1365-2966.2012.21628.x},
archivePrefix = {arXiv},
       eprint = {1205.5567},
 primaryClass = {astro-ph.CO},
       adsurl = {https://ui.adsabs.harvard.edu/abs/2012MNRAS.425.3058C},
      adsnote = {Provided by the SAO/NASA Astrophysics Data System}
}

% Christensen et al. (2014a) 
@ARTICLE{Christensen2014a,
       author = {{Christensen}, C.~R. and {Brooks}, A.~M. and {Fisher}, D.~B. and {Governato}, F. and {McCleary}, J. and {Quinn}, T.~R. and {Shen}, S. and {Wadsley}, J.},
        title = "{Simulating disc galaxy bulges that are consistent with observed scaling relations.}",
      journal = {\mnras},
     keywords = {methods: numerical- galaxies: bulges, galaxies: formation, galaxies: spiral, galaxies: structure, Astrophysics - Astrophysics of Galaxies, Astrophysics - Cosmology and Nongalactic Astrophysics},
         year = 2014,
        month = may,
       volume = {440},
        pages = {L51-L55},
          doi = {10.1093/mnrasl/slu020},
archivePrefix = {arXiv},
       eprint = {1402.2702},
 primaryClass = {astro-ph.GA},
       adsurl = {https://ui.adsabs.harvard.edu/abs/2014MNRAS.440L..51C},
      adsnote = {Provided by the SAO/NASA Astrophysics Data System}
}

% Christensen et al. (2014b) 
@ARTICLE{Christensen2014b,
       author = {{Christensen}, C.~R. and {Governato}, F. and {Quinn}, T. and {Brooks}, A.~M. and {Shen}, S. and {McCleary}, J. and {Fisher}, D.~B. and {Wadsley}, J.},
        title = "{The effect of models of the interstellar media on the central mass distribution of galaxies}",
      journal = {\mnras},
     keywords = {methods: numerical, stars: formation, ISM: general, galaxies: formation, galaxies: ISM, galaxies: structure, Astrophysics - Cosmology and Nongalactic Astrophysics},
         year = 2014,
        month = may,
       volume = {440},
       number = {3},
        pages = {2843-2859},
          doi = {10.1093/mnras/stu399},
archivePrefix = {arXiv},
       eprint = {1211.0326},
 primaryClass = {astro-ph.CO},
       adsurl = {https://ui.adsabs.harvard.edu/abs/2014MNRAS.440.2843C},
      adsnote = {Provided by the SAO/NASA Astrophysics Data System}
}

% Christensen et al. (2016) 
@ARTICLE{Christensen2016,
       author = {{Christensen}, Charlotte R. and {Dav{\'e}}, Romeel and {Governato}, Fabio and {Pontzen}, Andrew and {Brooks}, Alyson and {Munshi}, Ferah and {Quinn}, Thomas and {Wadsley}, James},
        title = "{In-N-Out: The Gas Cycle from Dwarfs to Spiral Galaxies}",
      journal = {\apj},
     keywords = {galaxies: evolution, galaxies: general, galaxies: structure, intergalactic medium, ISM: jets and outflows, methods: numerical, Astrophysics - Astrophysics of Galaxies},
         year = 2016,
        month = jun,
       volume = {824},
       number = {1},
          eid = {57},
        pages = {57},
          doi = {10.3847/0004-637X/824/1/57},
archivePrefix = {arXiv},
       eprint = {1508.00007},
 primaryClass = {astro-ph.GA},
       adsurl = {https://ui.adsabs.harvard.edu/abs/2016ApJ...824...57C},
      adsnote = {Provided by the SAO/NASA Astrophysics Data System}
}

% Christensen et al. (2018) 
@ARTICLE{Christensen2018,
       author = {{Christensen}, Charlotte R. and {Dav{\'e}}, Romeel and {Brooks}, Alyson and {Quinn}, Thomas and {Shen}, Sijing},
        title = "{Tracing Outflowing Metals in Simulations of Dwarf and Spiral Galaxies}",
      journal = {\apj},
     keywords = {galaxies: abundances, galaxies: evolution, intergalactic medium, methods: numerical, Astrophysics - Astrophysics of Galaxies},
         year = 2018,
        month = nov,
       volume = {867},
       number = {2},
          eid = {142},
        pages = {142},
          doi = {10.3847/1538-4357/aae374},
archivePrefix = {arXiv},
       eprint = {1808.07872},
 primaryClass = {astro-ph.GA},
       adsurl = {https://ui.adsabs.harvard.edu/abs/2018ApJ...867..142C},
      adsnote = {Provided by the SAO/NASA Astrophysics Data System}
}

% Cristallo et al. (2011) 
@ARTICLE{Cristallo2011,
       author = {{Cristallo}, S. and {Piersanti}, L. and {Straniero}, O. and {Gallino}, R. and {Dom{\'\i}nguez}, I. and {Abia}, C. and {Di Rico}, G. and {Quintini}, M. and {Bisterzo}, S.},
        title = "{Evolution, Nucleosynthesis, and Yields of Low-mass Asymptotic Giant Branch Stars at Different Metallicities. II. The FRUITY Database}",
      journal = {\apjs},
     keywords = {nuclear reactions, nucleosynthesis, abundances, stars: AGB and post-AGB, Astrophysics - Solar and Stellar Astrophysics},
         year = 2011,
        month = dec,
       volume = {197},
       number = {2},
          eid = {17},
        pages = {17},
          doi = {10.1088/0067-0049/197/2/17},
archivePrefix = {arXiv},
       eprint = {1109.1176},
 primaryClass = {astro-ph.SR},
       adsurl = {https://ui.adsabs.harvard.edu/abs/2011ApJS..197...17C},
      adsnote = {Provided by the SAO/NASA Astrophysics Data System}
}

% Cristallo et al. (2015) 
@ARTICLE{Cristallo2015,
       author = {{Cristallo}, S. and {Straniero}, O. and {Piersanti}, L. and {Gobrecht}, D.},
        title = "{Evolution, Nucleosynthesis, and Yields of AGB Stars at Different Metallicities. III. Intermediate-mass Models, Revised Low-mass Models, and the ph-FRUITY Interface}",
      journal = {\apjs},
     keywords = {nuclear reactions, nucleosynthesis, abundances, Stars: AGB and post-AGB, Astrophysics - Solar and Stellar Astrophysics},
         year = 2015,
        month = aug,
       volume = {219},
       number = {2},
          eid = {40},
        pages = {40},
          doi = {10.1088/0067-0049/219/2/40},
archivePrefix = {arXiv},
       eprint = {1507.07338},
 primaryClass = {astro-ph.SR},
       adsurl = {https://ui.adsabs.harvard.edu/abs/2015ApJS..219...40C},
      adsnote = {Provided by the SAO/NASA Astrophysics Data System}
}

% David, Forman & Jones (1990)
@ARTICLE{David1990,
       author = {{David}, L.~P. and {Forman}, W. and {Jones}, C.},
        title = "{The Evolution of the Interstellar Medium in Elliptical Galaxies. I. The Early Wind Phase}",
      journal = {\apj},
     keywords = {Computerized Simulation, Elliptical Galaxies, Galactic Evolution, Interstellar Matter, Stellar Luminosity, Stellar Winds, Galactic Clusters, Galactic Mass, Planetary Nebulae, Supernovae, X Ray Sources, Astrophysics, GALAXIES: INTERGALACTIC MEDIUM, GALAXIES: INTERSTELLAR MATTER, GALAXIES: X-RAYS},
         year = 1990,
        month = aug,
       volume = {359},
        pages = {29},
          doi = {10.1086/169030},
       adsurl = {https://ui.adsabs.harvard.edu/abs/1990ApJ...359...29D},
      adsnote = {Provided by the SAO/NASA Astrophysics Data System}
}

% de los Reyes & Kennicutt (2019) 
@ARTICLE{delosReyes2019,
       author = {{\noopsort{Delosreyes}{de los Reyes}}, Mithi A.~C. and {Kennicutt}, Robert C., Jr.},
        title = "{Revisiting the Integrated Star Formation Law. I. Non-starbursting Galaxies}",
      journal = {\apj},
     keywords = {galaxies: dwarf, galaxies: spiral, galaxies: star formation, Astrophysics - Astrophysics of Galaxies},
         year = 2019,
        month = feb,
       volume = {872},
       number = {1},
          eid = {16},
        pages = {16},
          doi = {10.3847/1538-4357/aafa82},
archivePrefix = {arXiv},
       eprint = {1901.01283},
 primaryClass = {astro-ph.GA},
       adsurl = {https://ui.adsabs.harvard.edu/abs/2019ApJ...872...16D},
      adsnote = {Provided by the SAO/NASA Astrophysics Data System}
}

% Dopita et al. (2016) 
@ARTICLE{Dopita2016,
       author = {{Dopita}, Michael A. and {Kewley}, Lisa J. and {Sutherland}, Ralph S. and {Nicholls}, David C.},
        title = "{Chemical abundances in high-redshift galaxies: a powerful new emission line diagnostic}",
      journal = {\apss},
     keywords = {Galaxies: high redshift, Galaxies: chemical abundances, HII regions, Emission lines, Astrophysics - Astrophysics of Galaxies, Astrophysics - Cosmology and Nongalactic Astrophysics},
         year = 2016,
        month = feb,
       volume = {361},
          eid = {61},
        pages = {61},
          doi = {10.1007/s10509-016-2657-8},
archivePrefix = {arXiv},
       eprint = {1601.01337},
 primaryClass = {astro-ph.GA},
       adsurl = {https://ui.adsabs.harvard.edu/abs/2016Ap&SS.361...61D},
      adsnote = {Provided by the SAO/NASA Astrophysics Data System}
}

% Eggleton, Dearborn & Lattanzio (2006) 
@ARTICLE{Eggleton2006,
       author = {{Eggleton}, Peter P. and {Dearborn}, David S.~P. and {Lattanzio}, John C.},
        title = "{Deep Mixing of $^{3}$He: Reconciling Big Bang and Stellar Nucleosynthesis}",
      journal = {Science},
     keywords = {Astrophysics},
         year = 2006,
        month = dec,
       volume = {314},
       number = {5805},
        pages = {1580},
          doi = {10.1126/science.1133065},
archivePrefix = {arXiv},
       eprint = {astro-ph/0611039},
 primaryClass = {astro-ph},
       adsurl = {https://ui.adsabs.harvard.edu/abs/2006Sci...314.1580E},
      adsnote = {Provided by the SAO/NASA Astrophysics Data System}
}

% Ellison et al. (2021) 
@ARTICLE{Ellison2021,
       author = {{Ellison}, Sara L. and {Lin}, Lihwai and {Thorp}, Mallory D. and {Pan}, Hsi-An and {Scudder}, Jillian M. and {S{\'a}nchez}, Sebastian F. and {Bluck}, Asa F.~L. and {Maiolino}, Roberto},
        title = "{The ALMaQUEST Survey - V. The non-universality of kpc-scale star formation relations and the factors that drive them}",
      journal = {\mnras},
     keywords = {galaxies: evolution, galaxies: general, galaxies: ISM, galaxies: star formation, Astrophysics - Astrophysics of Galaxies},
         year = 2021,
        month = mar,
       volume = {501},
       number = {4},
        pages = {4777-4797},
          doi = {10.1093/mnras/staa3822},
archivePrefix = {arXiv},
       eprint = {2012.04771},
 primaryClass = {astro-ph.GA},
       adsurl = {https://ui.adsabs.harvard.edu/abs/2021MNRAS.501.4777E},
      adsnote = {Provided by the SAO/NASA Astrophysics Data System}
}

% Ertl et al. (2016)
@ARTICLE{Ertl2016,
       author = {{Ertl}, T. and {Janka}, H. -Th. and {Woosley}, S.~E. and {Sukhbold}, T. and {Ugliano}, M.},
        title = "{A Two-parameter Criterion for Classifying the Explodability of Massive Stars by the Neutrino-driven Mechanism}",
      journal = {\apj},
     keywords = {hydrodynamics, neutrinos, stars: massive, supernovae: general, Astrophysics - Solar and Stellar Astrophysics, Astrophysics - High Energy Astrophysical Phenomena, Nuclear Theory},
         year = 2016,
        month = feb,
       volume = {818},
       number = {2},
          eid = {124},
        pages = {124},
          doi = {10.3847/0004-637X/818/2/124},
archivePrefix = {arXiv},
       eprint = {1503.07522},
 primaryClass = {astro-ph.SR},
       adsurl = {https://ui.adsabs.harvard.edu/abs/2016ApJ...818..124E},
      adsnote = {Provided by the SAO/NASA Astrophysics Data System}
}

% Frankel et al. (2018) 
@ARTICLE{Frankel2018,
       author = {{Frankel}, Neige and {Rix}, Hans-Walter and {Ting}, Yuan-Sen and {Ness}, Melissa and {Hogg}, David W.},
        title = "{Measuring Radial Orbit Migration in the Galactic Disk}",
      journal = {\apj},
     keywords = {Galaxy: abundances, Galaxy: disk, Galaxy: evolution, Galaxy: formation, ISM: abundances, stars: abundances, Astrophysics - Astrophysics of Galaxies},
         year = 2018,
        month = oct,
       volume = {865},
       number = {2},
          eid = {96},
        pages = {96},
          doi = {10.3847/1538-4357/aadba5},
archivePrefix = {arXiv},
       eprint = {1805.09198},
 primaryClass = {astro-ph.GA},
       adsurl = {https://ui.adsabs.harvard.edu/abs/2018ApJ...865...96F},
      adsnote = {Provided by the SAO/NASA Astrophysics Data System}
}

% Frankel et al. (2019) 
@ARTICLE{Frankel2019,
       author = {{Frankel}, Neige and {Sanders}, Jason and {Rix}, Hans-Walter and {Ting}, Yuan-Sen and {Ness}, Melissa},
        title = "{The Inside-out Growth of the Galactic Disk}",
      journal = {\apj},
     keywords = {Galaxy formation, Milky Way disk, Milky Way formation, 595, 1050, 1053, Astrophysics - Astrophysics of Galaxies},
         year = 2019,
        month = oct,
       volume = {884},
       number = {2},
          eid = {99},
        pages = {99},
          doi = {10.3847/1538-4357/ab4254},
archivePrefix = {arXiv},
       eprint = {1909.07118},
 primaryClass = {astro-ph.GA},
       adsurl = {https://ui.adsabs.harvard.edu/abs/2019ApJ...884...99F},
      adsnote = {Provided by the SAO/NASA Astrophysics Data System}
}

% Frischknecht et al. (2016) 
@ARTICLE{Frischknecht2016,
       author = {{Frischknecht}, Urs and {Hirschi}, Raphael and {Pignatari}, Marco and {Maeder}, Andr{\'e} and {Meynet}, George and {Chiappini}, Cristina and {Thielemann}, Friedrich-Karl and {Rauscher}, Thomas and {Georgy}, Cyril and {Ekstr{\"o}m}, Sylvia},
        title = "{s-process production in rotating massive stars at solar and low metallicities}",
      journal = {\mnras},
     keywords = {stars: abundances, stars: chemically peculiar, stars: massive, stars: Population II, stars: rotation, Galaxy: abundances, Astrophysics - Solar and Stellar Astrophysics},
         year = 2016,
        month = feb,
       volume = {456},
       number = {2},
        pages = {1803-1825},
          doi = {10.1093/mnras/stv2723},
archivePrefix = {arXiv},
       eprint = {1511.05730},
 primaryClass = {astro-ph.SR},
       adsurl = {https://ui.adsabs.harvard.edu/abs/2016MNRAS.456.1803F},
      adsnote = {Provided by the SAO/NASA Astrophysics Data System}
}

% Garaud (2021) 
@ARTICLE{Garaud2021,
       author = {{Garaud}, Pascale},
        title = "{Double-diffusive processes in stellar astrophysics}",
      journal = {arXiv e-prints},
     keywords = {Astrophysics - Solar and Stellar Astrophysics, Physics - Fluid Dynamics},
         year = 2021,
        month = mar,
          eid = {arXiv:2103.08072},
        pages = {arXiv:2103.08072},
archivePrefix = {arXiv},
       eprint = {2103.08072},
 primaryClass = {astro-ph.SR},
       adsurl = {https://ui.adsabs.harvard.edu/abs/2021arXiv210308072G},
      adsnote = {Provided by the SAO/NASA Astrophysics Data System}
}

% Gerke, Kochanek & Stanek (2015)
@ARTICLE{Gerke2015,
       author = {{Gerke}, J.~R. and {Kochanek}, C.~S. and {Stanek}, K.~Z.},
        title = "{The search for failed supernovae with the Large Binocular Telescope: first candidates}",
      journal = {\mnras},
     keywords = {black hole physics, surveys, stars: massive, supernovae: general, Astrophysics - Solar and Stellar Astrophysics},
         year = 2015,
        month = jul,
       volume = {450},
       number = {3},
        pages = {3289-3305},
          doi = {10.1093/mnras/stv776},
archivePrefix = {arXiv},
       eprint = {1411.1761},
 primaryClass = {astro-ph.SR},
       adsurl = {https://ui.adsabs.harvard.edu/abs/2015MNRAS.450.3289G},
      adsnote = {Provided by the SAO/NASA Astrophysics Data System}
}

% Gilroy (1989) 
@ARTICLE{Gilroy1989,
       author = {{Gilroy}, Kalpana Krishnaswamy},
        title = "{Carbon Isotope Ratios and Lithium Abundances in Open Cluster Giants}",
      journal = {\apj},
     keywords = {Carbon Isotopes, Giant Stars, Lithium, Nitrogen, Open Clusters, Abundance, Carbon 12, Carbon 13, Main Sequence Stars, Stellar Atmospheres, Stellar Evolution, Astrophysics, CLUSTERS: OPEN, STARS: ABUNDANCES, STARS: EVOLUTION},
         year = 1989,
        month = dec,
       volume = {347},
        pages = {835},
          doi = {10.1086/168173},
       adsurl = {https://ui.adsabs.harvard.edu/abs/1989ApJ...347..835G},
      adsnote = {Provided by the SAO/NASA Astrophysics Data System}
}

% Governato et al. (2012) 
@ARTICLE{Governato2012,
       author = {{Governato}, F. and {Zolotov}, A. and {Pontzen}, A. and {Christensen}, C. and {Oh}, S.~H. and {Brooks}, A.~M. and {Quinn}, T. and {Shen}, S. and {Wadsley}, J.},
        title = "{Cuspy no more: how outflows affect the central dark matter and baryon distribution in {\ensuremath{\Lambda}} cold dark matter galaxies}",
      journal = {\mnras},
     keywords = {hydrodynamics, galaxies: evolution, galaxies: formation, galaxies: star formation, dark matter, Astrophysics - Cosmology and Nongalactic Astrophysics},
         year = 2012,
        month = may,
       volume = {422},
       number = {2},
        pages = {1231-1240},
          doi = {10.1111/j.1365-2966.2012.20696.x},
archivePrefix = {arXiv},
       eprint = {1202.0554},
 primaryClass = {astro-ph.CO},
       adsurl = {https://ui.adsabs.harvard.edu/abs/2012MNRAS.422.1231G},
      adsnote = {Provided by the SAO/NASA Astrophysics Data System}
}

% Grevesse & Noels (1993)
@INPROCEEDINGS{Grevesse1993,
       author = {{Grevesse}, N. and {Noels}, A.},
        title = "{Cosmic abundances of the elements.}",
     keywords = {Solar System: Element Abundances},
    booktitle = {Origin and Evolution of the Elements},
         year = 1993,
       editor = {{Prantzos}, N. and {Vangioni-Flam}, E. and {Casse}, M.},
        month = jan,
        pages = {15-25},
       adsurl = {https://ui.adsabs.harvard.edu/abs/1993oee..conf...15G},
      adsnote = {Provided by the SAO/NASA Astrophysics Data System}
}

% Grevesse & Sauval (1998)
@ARTICLE{Grevesse1998,
       author = {{Grevesse}, N. and {Sauval}, A.~J.},
        title = "{Standard Solar Composition}",
      journal = {\ssr},
     keywords = {Sun: abundances, Meteorites: abundances, Solar spectroscopy},
         year = 1998,
        month = may,
       volume = {85},
        pages = {161-174},
          doi = {10.1023/A:1005161325181},
       adsurl = {https://ui.adsabs.harvard.edu/abs/1998SSRv...85..161G},
      adsnote = {Provided by the SAO/NASA Astrophysics Data System}
}

% Griffith et al. (2021) 
@ARTICLE{Griffith2021a,
       author = {{Griffith}, Emily J. and {Sukhbold}, Tuguldur and {Weinberg}, David H. and {Johnson}, Jennifer A. and {Johnson}, James W. and {Vincenzo}, Fiorenzo},
        title = "{The Impact of Black Hole Formation on Population Averaged Supernova Yields}",
      journal = {arXiv e-prints},
     keywords = {Astrophysics - Solar and Stellar Astrophysics, Astrophysics - Astrophysics of Galaxies},
         year = 2021,
        month = mar,
          eid = {arXiv:2103.09837},
        pages = {arXiv:2103.09837},
archivePrefix = {arXiv},
       eprint = {2103.09837},
 primaryClass = {astro-ph.SR},
       adsurl = {https://ui.adsabs.harvard.edu/abs/2021arXiv210309837G},
      adsnote = {Provided by the SAO/NASA Astrophysics Data System}
}

% Griffith et al. (2021b)
@ARTICLE{Griffith2021b,
       author = {{Griffith}, Emily J. and {Weinberg}, David H. and {Buder}, Sven and {Johnson}, Jennifer A. and {Johnson}, James W. and {Vincenzo}, Fiorenzo},
        title = "{Residual Abundances in GALAH DR3: Implications for Nucleosynthesis and Identification of Unique Stellar Populations}",
      journal = {arXiv e-prints},
     keywords = {Astrophysics - Astrophysics of Galaxies, Astrophysics - Solar and Stellar Astrophysics},
         year = 2021,
        month = oct,
          eid = {arXiv:2110.06240},
        pages = {arXiv:2110.06240},
archivePrefix = {arXiv},
       eprint = {2110.06240},
 primaryClass = {astro-ph.GA},
       adsurl = {https://ui.adsabs.harvard.edu/abs/2021arXiv211006240G},
      adsnote = {Provided by the SAO/NASA Astrophysics Data System}
}

% Grisoni, Matteucci & Romano (2021)
@ARTICLE{Grisoni2021,
       author = {{Grisoni}, V. and {Matteucci}, F. and {Romano}, D.},
        title = "{Nitrogen evolution in the halo, thick disc, thin disc, and bulge of the Galaxy}",
      journal = {\mnras},
     keywords = {Galaxy: abundances, Galaxy: evolution, Astrophysics - Astrophysics of Galaxies},
         year = 2021,
        month = nov,
       volume = {508},
       number = {1},
        pages = {719-727},
          doi = {10.1093/mnras/stab2579},
archivePrefix = {arXiv},
       eprint = {2109.03642},
 primaryClass = {astro-ph.GA},
       adsurl = {https://ui.adsabs.harvard.edu/abs/2021MNRAS.508..719G},
      adsnote = {Provided by the SAO/NASA Astrophysics Data System}
}

% Gronow et al. (2021a)
@ARTICLE{Gronow2021a,
       author = {{Gronow}, Sabrina and {Collins}, Christine E. and {Sim}, Stuart A. and {R{\"o}pke}, Friedrich K.},
        title = "{Double detonations of sub-M$_{Ch}$ CO white dwarfs: variations in Type Ia supernovae due to different core and He shell masses}",
      journal = {\aap},
     keywords = {supernovae: general, white dwarfs, radiative transfer, nuclear reactions, nucleosynthesis, abundances, methods: numerical, hydrodynamics, Astrophysics - Solar and Stellar Astrophysics},
         year = 2021,
        month = may,
       volume = {649},
          eid = {A155},
        pages = {A155},
          doi = {10.1051/0004-6361/202039954},
archivePrefix = {arXiv},
       eprint = {2102.06719},
 primaryClass = {astro-ph.SR},
       adsurl = {https://ui.adsabs.harvard.edu/abs/2021A&A...649A.155G},
      adsnote = {Provided by the SAO/NASA Astrophysics Data System}
}

% Gronow et al. (2021b)
@ARTICLE{Gronow2021b,
       author = {{Gronow}, Sabrina and {Cote}, Benoit and {Lach}, Florian and {Seitenzahl}, Ivo R. and {Collins}, Christine E. and {Sim}, Stuart A. and {Roepke}, Friedrich K.},
        title = "{Metallicity-dependent nucleosynthetic yields of Type Ia supernovae originating from double detonations of sub-M$_{\text{Ch}}$ white dwarfs}",
      journal = {arXiv e-prints},
     keywords = {Astrophysics - High Energy Astrophysical Phenomena},
         year = 2021,
        month = mar,
          eid = {arXiv:2103.14050},
        pages = {arXiv:2103.14050},
archivePrefix = {arXiv},
       eprint = {2103.14050},
 primaryClass = {astro-ph.HE},
       adsurl = {https://ui.adsabs.harvard.edu/abs/2021arXiv210314050G},
      adsnote = {Provided by the SAO/NASA Astrophysics Data System}
}

% Hayden et al. (2015)
@ARTICLE{Hayden2015,
       author = {{Hayden}, Michael R. and {Bovy}, Jo and {Holtzman}, Jon A. and {Nidever}, David L. and {Bird}, Jonathan C. and {Weinberg}, David H. and {Andrews}, Brett H. and {Majewski}, Steven R. and {Allende Prieto}, Carlos and {Anders}, Friedrich and {Beers}, Timothy C. and {Bizyaev}, Dmitry and {Chiappini}, Cristina and {Cunha}, Katia and {Frinchaboy}, Peter and {Garc{\'\i}a-Her{\'n}andez}, D.~A. and {Garc{\'\i}a P{\'e}rez}, Ana E. and {Girardi}, L{\'e}o and {Harding}, Paul and {Hearty}, Fred R. and {Johnson}, Jennifer A. and {M{\'e}sz{\'a}ros}, Szabolcs and {Minchev}, Ivan and {O'Connell}, Robert and {Pan}, Kaike and {Robin}, Annie C. and {Schiavon}, Ricardo P. and {Schneider}, Donald P. and {Schultheis}, Mathias and {Shetrone}, Matthew and {Skrutskie}, Michael and {Steinmetz}, Matthias and {Smith}, Verne and {Wilson}, John C. and {Zamora}, Olga and {Zasowski}, Gail},
        title = "{Chemical Cartography with APOGEE: Metallicity Distribution Functions and the Chemical Structure of the Milky Way Disk}",
      journal = {\apj},
     keywords = {Galaxy: abundances, Galaxy: disk, Galaxy: evolution, Galaxy: stellar content, Galaxy: structure, Astrophysics - Astrophysics of Galaxies},
         year = 2015,
        month = aug,
       volume = {808},
       number = {2},
          eid = {132},
        pages = {132},
          doi = {10.1088/0004-637X/808/2/132},
archivePrefix = {arXiv},
       eprint = {1503.02110},
 primaryClass = {astro-ph.GA},
       adsurl = {https://ui.adsabs.harvard.edu/abs/2015ApJ...808..132H},
      adsnote = {Provided by the SAO/NASA Astrophysics Data System}
}

% Hayden-Pawson et al. (2021)
@ARTICLE{HaydenPawson2021,
       author = {{Hayden-Pawson}, Connor and {Curti}, Mirko and {Maiolino}, Roberto and {Cirasuolo}, Michele and {Belfiore}, Francesco and {Cappellari}, Michele and {Concas}, Alice and {Cresci}, Giovanni and {Cullen}, Fergus and {Kobayashi}, Chiaki and {Mannucci}, Filippo and {Marconi}, Alessandro and {Meneghetti}, Massimo and {Mercurio}, Amata and {Peng}, Yingjie and {Swinbank}, Mark and {Vincenzo}, Fiorenzo},
        title = "{The KLEVER survey: Nitrogen abundances at $z\sim$2 and probing the existence of a fundamental nitrogen relation}",
      journal = {arXiv e-prints},
     keywords = {Astrophysics - Astrophysics of Galaxies},
         year = 2021,
        month = sep,
          eid = {arXiv:2110.00033},
        pages = {arXiv:2110.00033},
archivePrefix = {arXiv},
       eprint = {2110.00033},
 primaryClass = {astro-ph.GA},
       adsurl = {https://ui.adsabs.harvard.edu/abs/2021arXiv211000033H},
      adsnote = {Provided by the SAO/NASA Astrophysics Data System}
}

% Heger & Woosley (2010) 
@ARTICLE{Heger2010,
       author = {{Heger}, Alexander and {Woosley}, S.~E.},
        title = "{Nucleosynthesis and Evolution of Massive Metal-free Stars}",
      journal = {\apj},
     keywords = {early universe, Galaxy: abundances, nuclear reactions, nucleosynthesis, abundances, stars: abundances, stars: evolution, supernovae: general, Astrophysics},
         year = 2010,
        month = nov,
       volume = {724},
       number = {1},
        pages = {341-373},
          doi = {10.1088/0004-637X/724/1/341},
archivePrefix = {arXiv},
       eprint = {0803.3161},
 primaryClass = {astro-ph},
       adsurl = {https://ui.adsabs.harvard.edu/abs/2010ApJ...724..341H},
      adsnote = {Provided by the SAO/NASA Astrophysics Data System}
}

% Hekker & Johnson (2019)
@ARTICLE{Hekker2019,
       author = {{Hekker}, Saskia and {Johnson}, Jennifer A.},
        title = "{Origin of {\ensuremath{\alpha}}-rich young stars: clues from C, N, and O}",
      journal = {\mnras},
     keywords = {stars: abundances, Galaxy: abundances, Astrophysics - Solar and Stellar Astrophysics, Astrophysics - Astrophysics of Galaxies},
         year = 2019,
        month = aug,
       volume = {487},
       number = {3},
        pages = {4343-4354},
          doi = {10.1093/mnras/stz1554},
archivePrefix = {arXiv},
       eprint = {1906.10830},
 primaryClass = {astro-ph.SR},
       adsurl = {https://ui.adsabs.harvard.edu/abs/2019MNRAS.487.4343H},
      adsnote = {Provided by the SAO/NASA Astrophysics Data System}
}

% Henry & Worthey (1999)
@ARTICLE{Henry1999,
       author = {{Henry}, R.~B.~C. and {Worthey}, Guy},
        title = "{The Distribution of Heavy Elements in Spiral and Elliptical Galaxies}",
      journal = {\pasp},
     keywords = {GALAXY: ABUNDANCES, GALAXY: EVOLUTION, GALAXIES: ABUNDANCES, GALAXIES: ELLIPTICAL AND LENTICULAR, CD, GALAXIES: EVOLUTION, GALAXIES: ISM, GALAXIES: SPIRAL, ISM: ABUNDANCES, Astrophysics},
         year = 1999,
        month = aug,
       volume = {111},
       number = {762},
        pages = {919-945},
          doi = {10.1086/316403},
archivePrefix = {arXiv},
       eprint = {astro-ph/9904017},
 primaryClass = {astro-ph},
       adsurl = {https://ui.adsabs.harvard.edu/abs/1999PASP..111..919H},
      adsnote = {Provided by the SAO/NASA Astrophysics Data System}
}

% Henry, Edmunds & Koeppen (2000) 
@ARTICLE{Henry2000,
       author = {{Henry}, R.~B.~C. and {Edmunds}, M.~G. and {K{\"o}ppen}, J.},
        title = "{On the Cosmic Origins of Carbon and Nitrogen}",
      journal = {\apj},
     keywords = {Galaxies: Abundances, Galaxies: Evolution, Galaxy: Abundances, Galaxy: Evolution, ISM: Abundances, Nuclear Reactions, Nucleosynthesis, Abundances, Astrophysics},
         year = 2000,
        month = oct,
       volume = {541},
       number = {2},
        pages = {660-674},
          doi = {10.1086/309471},
archivePrefix = {arXiv},
       eprint = {astro-ph/0004299},
 primaryClass = {astro-ph},
       adsurl = {https://ui.adsabs.harvard.edu/abs/2000ApJ...541..660H},
      adsnote = {Provided by the SAO/NASA Astrophysics Data System}
}

% Hurley, Pols & Tout (2000) 
@ARTICLE{Hurley2000,
       author = {{Hurley}, Jarrod R. and {Pols}, Onno R. and {Tout}, Christopher A.},
        title = "{Comprehensive analytic formulae for stellar evolution as a function of mass and metallicity}",
      journal = {\mnras},
     keywords = {METHODS: ANALYTICAL, STARS: EVOLUTION, STARS: FUNDAMENTAL PARAMETERS, STARS: MASS-LOSS, STARS: POPULATION II, GALAXIES: STELLAR CONTENT, Astrophysics},
         year = 2000,
        month = jul,
       volume = {315},
       number = {3},
        pages = {543-569},
          doi = {10.1046/j.1365-8711.2000.03426.x},
archivePrefix = {arXiv},
       eprint = {astro-ph/0001295},
 primaryClass = {astro-ph},
       adsurl = {https://ui.adsabs.harvard.edu/abs/2000MNRAS.315..543H},
      adsnote = {Provided by the SAO/NASA Astrophysics Data System}
}

% Izotov, Thuan & Guseva (2012) 
@ARTICLE{Izotov2012,
       author = {{Izotov}, Y.~I. and {Thuan}, T.~X. and {Guseva}, N.~G.},
        title = "{Hunting for extremely metal-poor emission-line galaxies in the Sloan Digital Sky Survey: MMT and 3.5 m APO observations}",
      journal = {\aap},
     keywords = {galaxies: abundances, galaxies: irregular, galaxies: evolution, galaxies: ISM, HII regions, ISM: abundances, Astrophysics - Cosmology and Nongalactic Astrophysics},
         year = 2012,
        month = oct,
       volume = {546},
          eid = {A122},
        pages = {A122},
          doi = {10.1051/0004-6361/201219733},
archivePrefix = {arXiv},
       eprint = {1207.5971},
 primaryClass = {astro-ph.CO},
       adsurl = {https://ui.adsabs.harvard.edu/abs/2012A&A...546A.122I},
      adsnote = {Provided by the SAO/NASA Astrophysics Data System}
}

% Izzard et al. (2018) 
@ARTICLE{Izzard2018,
       author = {{Izzard}, Robert G. and {Preece}, Holly and {Jofre}, Paula and {Halabi}, Ghina M. and {Masseron}, Thomas and {Tout}, Christopher A.},
        title = "{Binary stars in the Galactic thick disc}",
      journal = {\mnras},
     keywords = {binaries: general, Galaxy: disc, Galaxy: stellar content, Astrophysics - Solar and Stellar Astrophysics},
         year = 2018,
        month = jan,
       volume = {473},
       number = {3},
        pages = {2984-2999},
          doi = {10.1093/mnras/stx2355},
archivePrefix = {arXiv},
       eprint = {1709.05237},
 primaryClass = {astro-ph.SR},
       adsurl = {https://ui.adsabs.harvard.edu/abs/2018MNRAS.473.2984I},
      adsnote = {Provided by the SAO/NASA Astrophysics Data System}
}

% James et al. (2015) 
@ARTICLE{James2015,
       author = {{James}, Bethan L. and {Koposov}, Sergey and {Stark}, Daniel P. and {Belokurov}, Vasily and {Pettini}, Max and {Olszewski}, Edward W.},
        title = "{Uncovering blue diffuse dwarf galaxies}",
      journal = {\mnras},
     keywords = {galaxies: abundances, galaxies: dwarf, galaxies: evolution, galaxies: irregular, galaxies: star formation, Astrophysics - Astrophysics of Galaxies},
         year = 2015,
        month = apr,
       volume = {448},
       number = {3},
        pages = {2687-2703},
          doi = {10.1093/mnras/stv175},
archivePrefix = {arXiv},
       eprint = {1411.7371},
 primaryClass = {astro-ph.GA},
       adsurl = {https://ui.adsabs.harvard.edu/abs/2015MNRAS.448.2687J},
      adsnote = {Provided by the SAO/NASA Astrophysics Data System}
}

% Jenkins & Binney (1990) 
@ARTICLE{Jenkins1990,
       author = {{Jenkins}, Adrian and {Binney}, James},
        title = "{Spiral heating of galactic discs}",
      journal = {\mnras},
     keywords = {Disk Galaxies, Fokker-Planck Equation, Galactic Structure, Molecular Clouds, Monte Carlo Method, Gravitational Fields, Heating, Solar Neighborhood, Spiral Galaxies, Astrophysics},
         year = 1990,
        month = jul,
       volume = {245},
        pages = {305-317},
       adsurl = {https://ui.adsabs.harvard.edu/abs/1990MNRAS.245..305J},
      adsnote = {Provided by the SAO/NASA Astrophysics Data System}
}

% Jenkins (1992) 
@ARTICLE{Jenkins1992,
       author = {{Jenkins}, Adrian},
        title = "{Heating of galactic discs with realistic vertical potentials}",
      journal = {\mnras},
     keywords = {Galactic Structure, Molecular Clouds, Stellar Evolution, Stellar Motions, Accretion Disks, Density Distribution, Fokker-Planck Equation, Monte Carlo Method, Astrophysics},
         year = 1992,
        month = aug,
       volume = {257},
       number = {4},
        pages = {620-632},
          doi = {10.1093/mnras/257.4.620},
       adsurl = {https://ui.adsabs.harvard.edu/abs/1992MNRAS.257..620J},
      adsnote = {Provided by the SAO/NASA Astrophysics Data System}
}

% Jofre et al. (2016) 
@ARTICLE{Jofre2016,
       author = {{Jofr{\'e}}, P. and {Jorissen}, A. and {Van Eck}, S. and {Izzard}, R.~G. and {Masseron}, T. and {Hawkins}, K. and {Gilmore}, G. and {Paladini}, C. and {Escorza}, A. and {Blanco-Cuaresma}, S. and {Manick}, R.},
        title = "{Cannibals in the thick disk: the young {\ensuremath{\alpha}}-rich stars as evolved blue stragglers}",
      journal = {\aap},
     keywords = {stars: evolution, blue stragglers, Galaxy: stellar content, binaries: general, binaries: spectroscopic, Astrophysics - Solar and Stellar Astrophysics},
         year = 2016,
        month = oct,
       volume = {595},
          eid = {A60},
        pages = {A60},
          doi = {10.1051/0004-6361/201629356},
archivePrefix = {arXiv},
       eprint = {1603.08992},
 primaryClass = {astro-ph.SR},
       adsurl = {https://ui.adsabs.harvard.edu/abs/2016A&A...595A..60J},
      adsnote = {Provided by the SAO/NASA Astrophysics Data System}
}

% Johnson (2019) 
@ARTICLE{Johnson2019,
       author = {{Johnson}, Jennifer A.},
        title = "{Populating the periodic table: Nucleosynthesis of the elements}",
      journal = {Science},
     keywords = {ASTRONOMY, CHEMISTRY, GEOCHEM PHYS},
         year = 2019,
        month = feb,
       volume = {363},
       number = {6426},
        pages = {474-478},
          doi = {10.1126/science.aau9540},
       adsurl = {https://ui.adsabs.harvard.edu/abs/2019Sci...363..474J},
      adsnote = {Provided by the SAO/NASA Astrophysics Data System}
}

% Johnson & Weinberg (2020) 
@ARTICLE{Johnson2020,
       author = {{Johnson}, James W. and {Weinberg}, David H.},
        title = "{The impact of starbursts on element abundance ratios}",
      journal = {\mnras},
     keywords = {methods: numerical, galaxies: abundances, galaxies: evolution, galaxies: star formation, galaxies: stellar content, Astrophysics - Astrophysics of Galaxies},
         year = 2020,
        month = oct,
       volume = {498},
       number = {1},
        pages = {1364-1381},
          doi = {10.1093/mnras/staa2431},
archivePrefix = {arXiv},
       eprint = {1911.02598},
 primaryClass = {astro-ph.GA},
       adsurl = {https://ui.adsabs.harvard.edu/abs/2020MNRAS.498.1364J},
      adsnote = {Provided by the SAO/NASA Astrophysics Data System}
}

% Johnson et al. (2021) 
@ARTICLE{Johnson2021,
       author = {{Johnson}, James W. and {Weinberg}, David H. and {Vincenzo}, Fiorenzo and {Bird}, Jonathan C. and {Loebman}, Sarah R. and {Brooks}, Alyson M. and {Quinn}, Thomas R. and {Christensen}, Charlotte R. and {Griffith}, Emily J.},
        title = "{Stellar migration and chemical enrichment in the milky way disc: a hybrid model}",
      journal = {\mnras},
     keywords = {methods: numerical, galaxies: abundances, galaxies: evolution, galaxies: star formation, galaxies: stellar content, Astrophysics - Astrophysics of Galaxies},
         year = 2021,
        month = dec,
       volume = {508},
       number = {3},
        pages = {4484-4511},
          doi = {10.1093/mnras/stab2718},
archivePrefix = {arXiv},
       eprint = {2103.09838},
 primaryClass = {astro-ph.GA},
       adsurl = {https://ui.adsabs.harvard.edu/abs/2021MNRAS.508.4484J},
      adsnote = {Provided by the SAO/NASA Astrophysics Data System}
}

% Karakas (2010) 
@ARTICLE{Karakas2010,
       author = {{Karakas}, A.~I.},
        title = "{Updated stellar yields from asymptotic giant branch models}",
      journal = {\mnras},
     keywords = {nuclear reactions, nucleosynthesis, abundances, stars: AGB and post-AGB, stars: Population II, ISM: abundances, Astrophysics - Solar and Stellar Astrophysics, Astrophysics - Astrophysics of Galaxies},
         year = 2010,
        month = apr,
       volume = {403},
       number = {3},
        pages = {1413-1425},
          doi = {10.1111/j.1365-2966.2009.16198.x},
archivePrefix = {arXiv},
       eprint = {0912.2142},
 primaryClass = {astro-ph.SR},
       adsurl = {https://ui.adsabs.harvard.edu/abs/2010MNRAS.403.1413K},
      adsnote = {Provided by the SAO/NASA Astrophysics Data System}
}

% Karakas (2014)
@ARTICLE{Karakas2014,
       author = {{Karakas}, Amanda I.},
        title = "{Helium enrichment and carbon-star production in metal-rich populations}",
      journal = {\mnras},
     keywords = {stars: abundances, stars: AGB and post-AGB, stars: carbon, Galaxy: abundances, Galaxy: bulge, galaxies: abundances, Astrophysics - Solar and Stellar Astrophysics},
         year = 2014,
        month = nov,
       volume = {445},
       number = {1},
        pages = {347-358},
          doi = {10.1093/mnras/stu1727},
archivePrefix = {arXiv},
       eprint = {1408.5936},
 primaryClass = {astro-ph.SR},
       adsurl = {https://ui.adsabs.harvard.edu/abs/2014MNRAS.445..347K},
      adsnote = {Provided by the SAO/NASA Astrophysics Data System}
}

% Karakas & Lugaro (2016) 
@ARTICLE{Karakas2016,
       author = {{Karakas}, Amanda I. and {Lugaro}, Maria},
        title = "{Stellar Yields from Metal-rich Asymptotic Giant Branch Models}",
      journal = {\apj},
     keywords = {Galaxy: abundances, galaxies: abundances, ISM: abundances, nuclear reactions, nucleosynthesis, abundances, stars: AGB and post-AGB, stars: carbon, Astrophysics - Solar and Stellar Astrophysics, Astrophysics - Astrophysics of Galaxies},
         year = 2016,
        month = jul,
       volume = {825},
       number = {1},
          eid = {26},
        pages = {26},
          doi = {10.3847/0004-637X/825/1/26},
archivePrefix = {arXiv},
       eprint = {1604.02178},
 primaryClass = {astro-ph.SR},
       adsurl = {https://ui.adsabs.harvard.edu/abs/2016ApJ...825...26K},
      adsnote = {Provided by the SAO/NASA Astrophysics Data System}
}

% Karakas et al. (2018) 
@ARTICLE{Karakas2018,
       author = {{Karakas}, Amanda I. and {Lugaro}, Maria and {Carlos}, Mar{\'\i}lia and {Cseh}, Borb{\'a}la and {Kamath}, Devika and {Garc{\'\i}a-Hern{\'a}ndez}, D.~A.},
        title = "{Heavy-element yields and abundances of asymptotic giant branch models with a Small Magellanic Cloud metallicity}",
      journal = {\mnras},
     keywords = {nuclear reactions, nucleosynthesis, abundances, stars: AGB and post-AGB, ISM: abundances, galaxies: abundances, Magellanic Clouds, Astrophysics - Solar and Stellar Astrophysics},
         year = 2018,
        month = jun,
       volume = {477},
       number = {1},
        pages = {421-437},
          doi = {10.1093/mnras/sty625},
archivePrefix = {arXiv},
       eprint = {1803.02028},
 primaryClass = {astro-ph.SR},
       adsurl = {https://ui.adsabs.harvard.edu/abs/2018MNRAS.477..421K},
      adsnote = {Provided by the SAO/NASA Astrophysics Data System}
}

% Kennicutt (1998) 
@ARTICLE{Kennicutt1998, 
       author = {{Kennicutt}, Robert C., Jr.},
        title = "{The Global Schmidt Law in Star-forming Galaxies}",
      journal = {\apj},
     keywords = {GALAXIES: EVOLUTION, GALAXIES: ISM, GALAXIES: SPIRAL, GALAXIES: STELLAR CONTENT, GALAXIES: STARBURST, STARS: FORMATION, Galaxies: Evolution, Galaxies: ISM, Galaxies: Spiral, Galaxies: Starburst, Galaxies: Stellar Content, Stars: Formation, Astrophysics},
         year = 1998,
        month = may,
       volume = {498},
       number = {2},
        pages = {541-552},
          doi = {10.1086/305588},
archivePrefix = {arXiv},
       eprint = {astro-ph/9712213},
 primaryClass = {astro-ph},
       adsurl = {https://ui.adsabs.harvard.edu/abs/1998ApJ...498..541K},
      adsnote = {Provided by the SAO/NASA Astrophysics Data System}
}

% Kennicutt & Evans (2012)
@ARTICLE{Kennicutt2012,
       author = {{Kennicutt}, Robert C. and {Evans}, Neal J.},
        title = "{Star Formation in the Milky Way and Nearby Galaxies}",
      journal = {\araa},
     keywords = {Astrophysics - Astrophysics of Galaxies, Astrophysics - Cosmology and Nongalactic Astrophysics},
         year = 2012,
        month = sep,
       volume = {50},
        pages = {531-608},
          doi = {10.1146/annurev-astro-081811-125610},
archivePrefix = {arXiv},
       eprint = {1204.3552},
 primaryClass = {astro-ph.GA},
       adsurl = {https://ui.adsabs.harvard.edu/abs/2012ARA&A..50..531K},
      adsnote = {Provided by the SAO/NASA Astrophysics Data System}
}

% Kennicutt & de los Reyes (2021) 
@ARTICLE{Kennicutt2021,
       author = {{Kennicutt}, Robert C., Jr. and {de los Reyes}, Mithi A.~C.},
        title = "{Revisiting the Integrated Star Formation Law. II. Starbursts and the Combined Global Schmidt Law}",
      journal = {\apj},
     keywords = {Disk galaxies, Galaxy evolution, Spiral galaxies, Interacting galaxies, Luminous infrared galaxies, Starburst galaxies, Blue compact dwarf galaxies, Star formation, Interstellar dust, 391, 594, 1560, 802, 946, 1570, 165, 1569, 836, Astrophysics - Astrophysics of Galaxies},
         year = 2021,
        month = feb,
       volume = {908},
       number = {1},
          eid = {61},
        pages = {61},
          doi = {10.3847/1538-4357/abd3a2},
archivePrefix = {arXiv},
       eprint = {2012.05363},
 primaryClass = {astro-ph.GA},
       adsurl = {https://ui.adsabs.harvard.edu/abs/2021ApJ...908...61K},
      adsnote = {Provided by the SAO/NASA Astrophysics Data System}
}

% Kobayashi (2004)
@ARTICLE{Kobayashi2004,
       author = {{Kobayashi}, Chiaki},
        title = "{GRAPE-SPH chemodynamical simulation of elliptical galaxies - I. Evolution of metallicity gradients}",
      journal = {\mnras},
     keywords = {methods: N-body simulations, galaxies: abundances, galaxies: elliptical and lenticular, cD, galaxies: evolution, galaxies: formation, Astrophysics},
         year = 2004,
        month = jan,
       volume = {347},
       number = {3},
        pages = {740-758},
          doi = {10.1111/j.1365-2966.2004.07258.x},
archivePrefix = {arXiv},
       eprint = {astro-ph/0310160},
 primaryClass = {astro-ph},
       adsurl = {https://ui.adsabs.harvard.edu/abs/2004MNRAS.347..740K},
      adsnote = {Provided by the SAO/NASA Astrophysics Data System}
}

% Kodama & Arimoto (1997) 
@ARTICLE{Kodama1997,
       author = {{Kodama}, T. and {Arimoto}, N.},
        title = "{Origin of the colour-magnitude relation of elliptical galaxies.}",
      journal = {\aap},
     keywords = {GALAXIES: ELLIPTICAL, GALAXIES: EVOLUTION, GALAXIES: FORMATION, GALAXIES: PHOTOMETRY, GALAXIES: STELLAR CONTENT, Astrophysics},
         year = 1997,
        month = apr,
       volume = {320},
        pages = {41-53},
archivePrefix = {arXiv},
       eprint = {astro-ph/9609160},
 primaryClass = {astro-ph},
       adsurl = {https://ui.adsabs.harvard.edu/abs/1997A&A...320...41K},
      adsnote = {Provided by the SAO/NASA Astrophysics Data System}
}

% Korn et al. (2007) 
@ARTICLE{Korn2007,
       author = {{Korn}, A.~J. and {Grundahl}, F. and {Richard}, O. and {Mashonkina}, L. and {Barklem}, P.~S. and {Collet}, R. and {Gustafsson}, B. and {Piskunov}, N.},
        title = "{Atomic Diffusion and Mixing in Old Stars. I. Very Large Telescope FLAMES-UVES Observations of Stars in NGC 6397}",
      journal = {\apj},
     keywords = {Diffusion, Galaxy: Globular Clusters: Individual: NGC Number: NGC 6397, Stars: Abundances, Stars: Atmospheres, Stars: Evolution, Stars: Fundamental Parameters, Stars: Interiors, Stars: Population II, Astrophysics},
         year = 2007,
        month = dec,
       volume = {671},
       number = {1},
        pages = {402-419},
          doi = {10.1086/523098},
archivePrefix = {arXiv},
       eprint = {0709.0639},
 primaryClass = {astro-ph},
       adsurl = {https://ui.adsabs.harvard.edu/abs/2007ApJ...671..402K},
      adsnote = {Provided by the SAO/NASA Astrophysics Data System}
}

% Kroupa (2001) 
@ARTICLE{Kroupa2001,
       author = {{Kroupa}, Pavel},
        title = "{On the variation of the initial mass function}",
      journal = {\mnras},
     keywords = {BINARIES: GENERAL, STARS: FORMATION, STARS: KINEMATICS, STARS: LUMINOSITY FUNCTION, MASS FUNCTION, GLOBULAR CLUSTERS: GENERAL, OPEN CLUSTERS AND ASSOCIATIONS: GENERAL, Astrophysics},
         year = 2001,
        month = apr,
       volume = {322},
       number = {2},
        pages = {231-246},
          doi = {10.1046/j.1365-8711.2001.04022.x},
archivePrefix = {arXiv},
       eprint = {astro-ph/0009005},
 primaryClass = {astro-ph},
       adsurl = {https://ui.adsabs.harvard.edu/abs/2001MNRAS.322..231K},
      adsnote = {Provided by the SAO/NASA Astrophysics Data System}
}

% Krumholz et al. (2018) 
@ARTICLE{Krumholz2018,
       author = {{Krumholz}, Mark R. and {Burkhart}, Blakesley and {Forbes}, John C. and
         {Crocker}, Roland M.},
        title = "{A unified model for galactic discs: star formation, turbulence driving, and mass transport}",
      journal = {\mnras},
     keywords = {turbulence, stars: formation, ISM: kinematics and dynamics, galaxies: formation, galaxies: ISM, galaxies: star formation, Astrophysics - Astrophysics of Galaxies},
         year = 2018,
        month = jun,
       volume = {477},
       number = {2},
        pages = {2716-2740},
          doi = {10.1093/mnras/sty852},
archivePrefix = {arXiv},
       eprint = {1706.00106},
 primaryClass = {astro-ph.GA},
       adsurl = {https://ui.adsabs.harvard.edu/abs/2018MNRAS.477.2716K},
      adsnote = {Provided by the SAO/NASA Astrophysics Data System}
}

% Lacey & Fall (1985) 
@ARTICLE{Lacey1985,
       author = {{Lacey}, C.~G. and {Fall}, S.~M.},
        title = "{Chemical evolution of the galactic disk with radial gas flows.}",
      journal = {\apj},
     keywords = {Cosmochemistry, Galactic Evolution, Interstellar Gas, Milky Way Galaxy, Abundance, Gas Flow, Radial Flow, Star Formation Rate, Stellar Evolution, Stellar Structure, Astrophysics},
         year = 1985,
        month = mar,
       volume = {290},
        pages = {154-170},
          doi = {10.1086/162970},
       adsurl = {https://ui.adsabs.harvard.edu/abs/1985ApJ...290..154L},
      adsnote = {Provided by the SAO/NASA Astrophysics Data System}
}

% Lagarde et al. (2012) 
@ARTICLE{Lagarde2012,
       author = {{Lagarde}, N. and {Decressin}, T. and {Charbonnel}, C. and {Eggenberger}, P. and {Ekstr{\"o}m}, S. and {Palacios}, A.},
        title = "{Thermohaline instability and rotation-induced mixing. III. Grid of stellar models and asymptotic asteroseismic quantities from the pre-main sequence up to the AGB for low- and intermediate-mass stars of various metallicities}",
      journal = {\aap},
     keywords = {asteroseismology, instabilities, stars: evolution, stars: interiors, stars: rotation, Astrophysics - Solar and Stellar Astrophysics},
         year = 2012,
        month = jul,
       volume = {543},
          eid = {A108},
        pages = {A108},
          doi = {10.1051/0004-6361/201118331},
archivePrefix = {arXiv},
       eprint = {1204.5193},
 primaryClass = {astro-ph.SR},
       adsurl = {https://ui.adsabs.harvard.edu/abs/2012A&A...543A.108L},
      adsnote = {Provided by the SAO/NASA Astrophysics Data System}
}

% Larson (1974) 
@ARTICLE{Larson1974,
       author = {{Larson}, Richard B.},
        title = "{Dynamical models for the formation and evolution of spherical galaxies}",
      journal = {\mnras},
         year = 1974,
        month = mar,
       volume = {166},
        pages = {585-616},
          doi = {10.1093/mnras/166.3.585},
       adsurl = {https://ui.adsabs.harvard.edu/abs/1974MNRAS.166..585L},
      adsnote = {Provided by the SAO/NASA Astrophysics Data System}
}

% Law & Majewski (2010)
@ARTICLE{Law2010,
       author = {{Law}, David R. and {Majewski}, Steven R.},
        title = "{The Sagittarius Dwarf Galaxy: A Model for Evolution in a Triaxial Milky Way Halo}",
      journal = {\apj},
     keywords = {dark matter, galaxies: individual: Sagittarius, Galaxy: kinematics and dynamics, Galaxy: structure, Astrophysics - Astrophysics of Galaxies},
         year = 2010,
        month = may,
       volume = {714},
       number = {1},
        pages = {229-254},
          doi = {10.1088/0004-637X/714/1/229},
archivePrefix = {arXiv},
       eprint = {1003.1132},
 primaryClass = {astro-ph.GA},
       adsurl = {https://ui.adsabs.harvard.edu/abs/2010ApJ...714..229L},
      adsnote = {Provided by the SAO/NASA Astrophysics Data System}
}

% Leroy et al. (2008) 
@ARTICLE{Leroy2008,
       author = {{Leroy}, Adam K. and {Walter}, Fabian and {Brinks}, Elias and
         {Bigiel}, Frank and {de Blok}, W.~J.~G. and {Madore}, Barry and
         {Thornley}, M.~D.},
        title = "{The Star Formation Efficiency in Nearby Galaxies: Measuring Where Gas Forms Stars Effectively}",
      journal = {\aj},
     keywords = {galaxies: evolution, galaxies: ISM, radio lines: galaxies, stars: formation, Astrophysics},
         year = 2008,
        month = dec,
       volume = {136},
       number = {6},
        pages = {2782-2845},
          doi = {10.1088/0004-6256/136/6/2782},
archivePrefix = {arXiv},
       eprint = {0810.2556},
 primaryClass = {astro-ph},
       adsurl = {https://ui.adsabs.harvard.edu/abs/2008AJ....136.2782L},
      adsnote = {Provided by the SAO/NASA Astrophysics Data System}
}

% Leroy et al. (2013) 
@ARTICLE{Leroy2013,
       author = {{Leroy}, Adam K. and {Walter}, Fabian and {Sandstrom}, Karin and
         {Schruba}, Andreas and {Munoz-Mateos}, Juan-Carlos and {Bigiel}, Frank and
         {Bolatto}, Alberto and {Brinks}, Elias and {de Blok}, W.~J.~G. and
         {Meidt}, Sharon and {Rix}, Hans-Walter and {Rosolowsky}, Erik and
         {Schinnerer}, Eva and {Schuster}, Karl-Friedrich and {Usero}, Antonio},
        title = "{Molecular Gas and Star Formation in nearby Disk Galaxies}",
      journal = {\aj},
     keywords = {evolution, galaxies: ISM, galaxies: spiral, ISM: molecules, stars: formation, Astrophysics - Cosmology and Nongalactic Astrophysics},
         year = 2013,
        month = aug,
       volume = {146},
       number = {2},
          eid = {19},
        pages = {19},
          doi = {10.1088/0004-6256/146/2/19},
archivePrefix = {arXiv},
       eprint = {1301.2328},
 primaryClass = {astro-ph.CO},
       adsurl = {https://ui.adsabs.harvard.edu/abs/2013AJ....146...19L},
      adsnote = {Provided by the SAO/NASA Astrophysics Data System}
}

% Licquia & Newman (2015) 
@ARTICLE{Licquia2015,
       author = {{Licquia}, Timothy C. and {Newman}, Jeffrey A.},
        title = "{Improved Estimates of the Milky Way's Stellar Mass and Star Formation Rate from Hierarchical Bayesian Meta-Analysis}",
      journal = {\apj},
     keywords = {Galaxy: bulge, Galaxy: disk, Galaxy: fundamental parameters, Galaxy: stellar content, methods: statistical, stars: formation, Astrophysics - Astrophysics of Galaxies},
         year = 2015,
        month = jun,
       volume = {806},
       number = {1},
          eid = {96},
        pages = {96},
          doi = {10.1088/0004-637X/806/1/96},
archivePrefix = {arXiv},
       eprint = {1407.1078},
 primaryClass = {astro-ph.GA},
       adsurl = {https://ui.adsabs.harvard.edu/abs/2015ApJ...806...96L},
      adsnote = {Provided by the SAO/NASA Astrophysics Data System}
}

% Limongi & Chieffi (2006)
@ARTICLE{Limongi2006,
       author = {{Limongi}, Marco and {Chieffi}, Alessandro},
        title = "{The Nucleosynthesis of $^{26}$Al and $^{60}$Fe in Solar Metallicity Stars Extending in Mass from 11 to 120 M$_{solar}$: The Hydrostatic and Explosive Contributions}",
      journal = {\apj},
     keywords = {Gamma Rays: Theory, Nuclear Reactions, Nucleosynthesis, Abundances, Stars: Evolution, Stars: Supernovae: General, Astrophysics},
         year = 2006,
        month = aug,
       volume = {647},
       number = {1},
        pages = {483-500},
          doi = {10.1086/505164},
archivePrefix = {arXiv},
       eprint = {astro-ph/0604297},
 primaryClass = {astro-ph},
       adsurl = {https://ui.adsabs.harvard.edu/abs/2006ApJ...647..483L},
      adsnote = {Provided by the SAO/NASA Astrophysics Data System}
}

% Limongi & Chieffi (2018) 
@ARTICLE{Limongi2018,
       author = {{Limongi}, Marco and {Chieffi}, Alessandro},
        title = "{Presupernova Evolution and Explosive Nucleosynthesis of Rotating Massive Stars in the Metallicity Range -3 {\ensuremath{\leq}} [Fe/H] {\ensuremath{\leq}} 0}",
      journal = {\apjs},
     keywords = {stars: evolution, stars: interiors, stars: massive, stars: rotation, supernovae: general, Astrophysics - Solar and Stellar Astrophysics, Astrophysics - High Energy Astrophysical Phenomena},
         year = 2018,
        month = jul,
       volume = {237},
       number = {1},
          eid = {13},
        pages = {13},
          doi = {10.3847/1538-4365/aacb24},
archivePrefix = {arXiv},
       eprint = {1805.09640},
 primaryClass = {astro-ph.SR},
       adsurl = {https://ui.adsabs.harvard.edu/abs/2018ApJS..237...13L},
      adsnote = {Provided by the SAO/NASA Astrophysics Data System}
}

% Lind et al. (2008) 
@ARTICLE{Lind2008,
       author = {{Lind}, K. and {Korn}, A.~J. and {Barklem}, P.~S. and {Grundahl}, F.},
        title = "{Atomic diffusion and mixing in old stars. II. Observations of stars in the globular cluster NGC 6397 with VLT/FLAMES-GIRAFFE}",
      journal = {\aap},
     keywords = {stars: abundances, stars: Population II, globular clusters: general, techniques: spectroscopic, methods: observational, diffusion, Astrophysics},
         year = 2008,
        month = nov,
       volume = {490},
       number = {2},
        pages = {777-786},
          doi = {10.1051/0004-6361:200810051},
archivePrefix = {arXiv},
       eprint = {0809.0317},
 primaryClass = {astro-ph},
       adsurl = {https://ui.adsabs.harvard.edu/abs/2008A&A...490..777L},
      adsnote = {Provided by the SAO/NASA Astrophysics Data System}
}

% Liu et al. (2015) 
@ARTICLE{Liu2015,
       author = {{Liu}, L. and {Gao}, Y. and {Greve}, T.~R.},
        title = "{The Global Star Formation Laws of Galaxies from a Radio Continuum Perspective}",
      journal = {\apj},
     keywords = {galaxies: evolution, galaxies: ISM, galaxies: spiral, galaxies: starburst, stars: formation, Astrophysics - Astrophysics of Galaxies},
         year = 2015,
        month = may,
       volume = {805},
       number = {1},
          eid = {31},
        pages = {31},
          doi = {10.1088/0004-637X/805/1/31},
archivePrefix = {arXiv},
       eprint = {1502.08001},
 primaryClass = {astro-ph.GA},
       adsurl = {https://ui.adsabs.harvard.edu/abs/2015ApJ...805...31L},
      adsnote = {Provided by the SAO/NASA Astrophysics Data System}
}

% Lodders (2003)
@ARTICLE{Lodders2003,
       author = {{Lodders}, Katharina},
        title = "{Solar System Abundances and Condensation Temperatures of the Elements}",
      journal = {\apj},
     keywords = {Astrochemistry, Meteors, Meteoroids, Solar System: Formation- Sun: Abundances, Sun: Photosphere},
         year = 2003,
        month = jul,
       volume = {591},
       number = {2},
        pages = {1220-1247},
          doi = {10.1086/375492},
       adsurl = {https://ui.adsabs.harvard.edu/abs/2003ApJ...591.1220L},
      adsnote = {Provided by the SAO/NASA Astrophysics Data System}
}

% Lodders, Palme & Gail (2009)
@ARTICLE{Lodders2009,
       author = {{Lodders}, K. and {Palme}, H. and {Gail}, H. -P.},
        title = "{Abundances of the Elements in the Solar System}",
      journal = {Landolt B{\"o}rnstein},
     keywords = {solar abundances, solar system abundances, condensation temperatures, Astrophysics - Earth and Planetary Astrophysics},
         year = 2009,
        month = jan,
       volume = {4B},
        pages = {712},
          doi = {10.1007/978-3-540-88055-4\_34},
archivePrefix = {arXiv},
       eprint = {0901.1149},
 primaryClass = {astro-ph.EP},
       adsurl = {https://ui.adsabs.harvard.edu/abs/2009LanB...4B..712L},
      adsnote = {Provided by the SAO/NASA Astrophysics Data System}
}

% Maeder & Meynet (1989) 
@ARTICLE{Maeder1989,
       author = {{Maeder}, A. and {Meynet}, G.},
        title = "{Grids of evolutionary models from 0.85 to 120M : observational tests and the mass limits.}",
      journal = {\aap},
     keywords = {Computational Astrophysics, Stellar Evolution, Stellar Mass, Stellar Models, Abundance, Hertzsprung-Russell Diagram, Mass To Light Ratios, Stellar Magnitude, Stellar Structure, Astrophysics},
         year = 1989,
        month = feb,
       volume = {210},
        pages = {155-173},
       adsurl = {https://ui.adsabs.harvard.edu/abs/1989A&A...210..155M},
      adsnote = {Provided by the SAO/NASA Astrophysics Data System}
}

% Maeder & Zahn (1998) 
@ARTICLE{Maeder1998,
       author = {{Maeder}, Andre and {Zahn}, Jean-Paul},
        title = "{Stellar evolution with rotation. III. Meridional circulation with MU -gradients and non-stationarity}",
      journal = {\aap},
     keywords = {STARS: ROTATION, STARS: EARLY-TYPE, STARS: INTERIOR},
         year = 1998,
        month = jun,
       volume = {334},
        pages = {1000-1006},
       adsurl = {https://ui.adsabs.harvard.edu/abs/1998A&A...334.1000M},
      adsnote = {Provided by the SAO/NASA Astrophysics Data System}
}

% Majewski et al. (2017) 
@ARTICLE{Majewski2017,
       author = {{Majewski}, Steven R. and {Schiavon}, Ricardo P. and {Frinchaboy}, Peter M. and {Allende Prieto}, Carlos and {Barkhouser}, Robert and {Bizyaev}, Dmitry and {Blank}, Basil and {Brunner}, Sophia and {Burton}, Adam and {Carrera}, Ricardo and {Chojnowski}, S. Drew and {Cunha}, K{\'a}tia and {Epstein}, Courtney and {Fitzgerald}, Greg and {Garc{\'\i}a P{\'e}rez}, Ana E. and {Hearty}, Fred R. and {Henderson}, Chuck and {Holtzman}, Jon A. and {Johnson}, Jennifer A. and {Lam}, Charles R. and {Lawler}, James E. and {Maseman}, Paul and {M{\'e}sz{\'a}ros}, Szabolcs and {Nelson}, Matthew and {Nguyen}, Duy Coung and {Nidever}, David L. and {Pinsonneault}, Marc and {Shetrone}, Matthew and {Smee}, Stephen and {Smith}, Verne V. and {Stolberg}, Todd and {Skrutskie}, Michael F. and {Walker}, Eric and {Wilson}, John C. and {Zasowski}, Gail and {Anders}, Friedrich and {Basu}, Sarbani and {Beland}, Stephane and {Blanton}, Michael R. and {Bovy}, Jo and {Brownstein}, Joel R. and {Carlberg}, Joleen and {Chaplin}, William and {Chiappini}, Cristina and {Eisenstein}, Daniel J. and {Elsworth}, Yvonne and {Feuillet}, Diane and {Fleming}, Scott W. and {Galbraith-Frew}, Jessica and {Garc{\'\i}a}, Rafael A. and {Garc{\'\i}a-Hern{\'a}ndez}, D. An{\'\i}bal and {Gillespie}, Bruce A. and {Girardi}, L{\'e}o and {Gunn}, James E. and {Hasselquist}, Sten and {Hayden}, Michael R. and {Hekker}, Saskia and {Ivans}, Inese and {Kinemuchi}, Karen and {Klaene}, Mark and {Mahadevan}, Suvrath and {Mathur}, Savita and {Mosser}, Beno{\^\i}t and {Muna}, Demitri and {Munn}, Jeffrey A. and {Nichol}, Robert C. and {O'Connell}, Robert W. and {Parejko}, John K. and {Robin}, A.~C. and {Rocha-Pinto}, Helio and {Schultheis}, Matthias and {Serenelli}, Aldo M. and {Shane}, Neville and {Silva Aguirre}, Victor and {Sobeck}, Jennifer S. and {Thompson}, Benjamin and {Troup}, Nicholas W. and {Weinberg}, David H. and {Zamora}, Olga},
        title = "{The Apache Point Observatory Galactic Evolution Experiment (APOGEE)}",
      journal = {\aj},
     keywords = {Galaxy: abundances, Galaxy: evolution, Galaxy: formation, Galaxy: kinematics and dynamics, Galaxy: stellar content, Galaxy: structure, Astrophysics - Instrumentation and Methods for Astrophysics, Astrophysics - Astrophysics of Galaxies},
         year = 2017,
        month = sep,
       volume = {154},
       number = {3},
          eid = {94},
        pages = {94},
          doi = {10.3847/1538-3881/aa784d},
archivePrefix = {arXiv},
       eprint = {1509.05420},
 primaryClass = {astro-ph.IM},
       adsurl = {https://ui.adsabs.harvard.edu/abs/2017AJ....154...94M},
      adsnote = {Provided by the SAO/NASA Astrophysics Data System}
}

% Marigo (2002)
@ARTICLE{Marigo2002,
       author = {{Marigo}, P.},
        title = "{Asymptotic Giant Branch evolution at varying surface C/O ratio: effects of changes in molecular opacities}",
      journal = {\aap},
     keywords = {stars: AGB and post-AGB, stars: evolution, stars: carbon, stars: fundamental parameters, stars: mass loss, Astrophysics},
         year = 2002,
        month = may,
       volume = {387},
        pages = {507-519},
          doi = {10.1051/0004-6361:20020304},
archivePrefix = {arXiv},
       eprint = {astro-ph/0203036},
 primaryClass = {astro-ph},
       adsurl = {https://ui.adsabs.harvard.edu/abs/2002A&A...387..507M},
      adsnote = {Provided by the SAO/NASA Astrophysics Data System}
}

% Martig et al. (2015) 
@ARTICLE{Martig2015,
       author = {{Martig}, Marie and {Rix}, Hans-Walter and {Silva Aguirre}, Victor and {Hekker}, Saskia and {Mosser}, Benoit and {Elsworth}, Yvonne and {Bovy}, Jo and {Stello}, Dennis and {Anders}, Friedrich and {Garc{\'\i}a}, Rafael A. and {Tayar}, Jamie and {Rodrigues}, Tha{\'\i}se S. and {Basu}, Sarbani and {Carrera}, Ricardo and {Ceillier}, Tugdual and {Chaplin}, William J. and {Chiappini}, Cristina and {Frinchaboy}, Peter M. and {Garc{\'\i}a-Hern{\'a}ndez}, D.~A. and {Hearty}, Fred R. and {Holtzman}, Jon and {Johnson}, Jennifer A. and {Majewski}, Steven R. and {Mathur}, Savita and {M{\'e}sz{\'a}ros}, Szabolcs and {Miglio}, Andrea and {Nidever}, David and {Pan}, Kaike and {Pinsonneault}, Marc and {Schiavon}, Ricardo P. and {Schneider}, Donald P. and {Serenelli}, Aldo and {Shetrone}, Matthew and {Zamora}, Olga},
        title = "{Young {\ensuremath{\alpha}}-enriched giant stars in the solar neighbourhood}",
      journal = {\mnras},
     keywords = {stars: abundances, stars: fundamental parameters, Astrophysics - Astrophysics of Galaxies, Astrophysics - Solar and Stellar Astrophysics},
         year = 2015,
        month = aug,
       volume = {451},
       number = {2},
        pages = {2230-2243},
          doi = {10.1093/mnras/stv1071},
archivePrefix = {arXiv},
       eprint = {1412.3453},
 primaryClass = {astro-ph.GA},
       adsurl = {https://ui.adsabs.harvard.edu/abs/2015MNRAS.451.2230M},
      adsnote = {Provided by the SAO/NASA Astrophysics Data System}
}

% Martig et al. (2016) 
@ARTICLE{Martig2016,
       author = {{Martig}, Marie and {Fouesneau}, Morgan and {Rix}, Hans-Walter and
         {Ness}, Melissa and {M{\'e}sz{\'a}ros}, Szabolcs and
         {Garc{\'\i}a-Hern{\'a}ndez}, D.~A. and {Pinsonneault}, Marc and
         {Serenelli}, Aldo and {Silva Aguirre}, Victor and {Zamora}, Olga},
        title = "{Red giant masses and ages derived from carbon and nitrogen abundances}",
      journal = {\mnras},
     keywords = {stars: abundances, stars: evolution, stars: fundamental parameters, Astrophysics - Solar and Stellar Astrophysics, Astrophysics - Astrophysics of Galaxies},
         year = "2016",
        month = "Mar",
       volume = {456},
       number = {4},
        pages = {3655-3670},
          doi = {10.1093/mnras/stv2830},
archivePrefix = {arXiv},
       eprint = {1511.08203},
 primaryClass = {astro-ph.SR},
       adsurl = {https://ui.adsabs.harvard.edu/abs/2016MNRAS.456.3655M},
      adsnote = {Provided by the SAO/NASA Astrophysics Data System}
}

% Matteucci & Francois (1989) 
@ARTICLE{Matteucci1989,
       author = {{Matteucci}, F. and {Francois}, P.},
        title = "{Galactic chemical evolution : abundance gradients of individual elements.}",
      journal = {\mnras},
     keywords = {Abundance, Chemical Evolution, Galactic Evolution, Milky Way Galaxy, Astronomical Models, Chemical Composition, Gas Composition, Nuclear Fusion, Solar Neighborhood, Star Formation Rate, Astrophysics},
         year = 1989,
        month = aug,
       volume = {239},
        pages = {885-904},
          doi = {10.1093/mnras/239.3.885},
       adsurl = {https://ui.adsabs.harvard.edu/abs/1989MNRAS.239..885M},
      adsnote = {Provided by the SAO/NASA Astrophysics Data System}
}

% Miglio et al. (2021) 
@ARTICLE{Miglio2021,
       author = {{Miglio}, A. and {Chiappini}, C. and {Mackereth}, J.~T. and {Davies}, G.~R. and {Brogaard}, K. and {Casagrande}, L. and {Chaplin}, W.~J. and {Girardi}, L. and {Kawata}, D. and {Khan}, S. and {Izzard}, R. and {Montalb{\'a}n}, J. and {Mosser}, B. and {Vincenzo}, F. and {Bossini}, D. and {Noels}, A. and {Rodrigues}, T. and {Valentini}, M. and {Mandel}, I.},
        title = "{Age dissection of the Milky Way discs: Red giants in the Kepler field}",
      journal = {\aap},
     keywords = {Galaxy: evolution, Galaxy: stellar content, Galaxy: structure, stars: late-type, stars: mass-loss, asteroseismology, Astrophysics - Astrophysics of Galaxies, Astrophysics - Solar and Stellar Astrophysics},
         year = 2021,
        month = jan,
       volume = {645},
          eid = {A85},
        pages = {A85},
          doi = {10.1051/0004-6361/202038307},
archivePrefix = {arXiv},
       eprint = {2004.14806},
 primaryClass = {astro-ph.GA},
       adsurl = {https://ui.adsabs.harvard.edu/abs/2021A&A...645A..85M},
      adsnote = {Provided by the SAO/NASA Astrophysics Data System}
}

% Mihalas & Binney (1981) 
@BOOK{Mihalas1981,
       author = {{Mihalas}, D. and {Binney}, J.},
        title = "{Galactic astronomy. Structure and kinematics}",
         year = 1981,
       adsurl = {https://ui.adsabs.harvard.edu/abs/1981gask.book.....M},
      adsnote = {Provided by the SAO/NASA Astrophysics Data System}
}

% Minchev et al. (2011) 
@ARTICLE{Minchev2011,
       author = {{Minchev}, I. and {Famaey}, B. and {Combes}, F. and {Di Matteo}, P. and {Mouhcine}, M. and {Wozniak}, H.},
        title = "{Radial migration in galactic disks caused by resonance overlap of multiple patterns: Self-consistent simulations}",
      journal = {\aap},
     keywords = {galaxies: evolution, galaxies: kinematics and dynamics, galaxies: abundances, galaxies: spiral, Astrophysics - Astrophysics of Galaxies, Astrophysics - Cosmology and Nongalactic Astrophysics},
         year = 2011,
        month = mar,
       volume = {527},
          eid = {A147},
        pages = {A147},
          doi = {10.1051/0004-6361/201015139},
archivePrefix = {arXiv},
       eprint = {1006.0484},
 primaryClass = {astro-ph.GA},
       adsurl = {https://ui.adsabs.harvard.edu/abs/2011A&A...527A.147M},
      adsnote = {Provided by the SAO/NASA Astrophysics Data System}
}

% Minchev et al. (2013) 
@ARTICLE{Minchev2013,
       author = {{Minchev}, I. and {Chiappini}, C. and {Martig}, M.},
        title = "{Chemodynamical evolution of the Milky Way disk. I. The solar vicinity}",
      journal = {\aap},
     keywords = {Galaxy: kinematics and dynamics, galaxies: evolution, Galaxy: evolution, Galaxy: abundances, solar neighborhood, Galaxy: formation, Astrophysics - Astrophysics of Galaxies, Astrophysics - Cosmology and Nongalactic Astrophysics},
         year = 2013,
        month = oct,
       volume = {558},
          eid = {A9},
        pages = {A9},
          doi = {10.1051/0004-6361/201220189},
archivePrefix = {arXiv},
       eprint = {1208.1506},
 primaryClass = {astro-ph.GA},
       adsurl = {https://ui.adsabs.harvard.edu/abs/2013A&A...558A...9M},
      adsnote = {Provided by the SAO/NASA Astrophysics Data System}
}

% Minchev et al. (2014) 
@ARTICLE{Minchev2014,
       author = {{Minchev}, I. and {Chiappini}, C. and {Martig}, M.},
        title = "{Chemodynamical evolution of the Milky Way disk. II. Variations with Galactic radius and height above the disk plane}",
      journal = {\aap},
     keywords = {Galaxy: kinematics and dynamics, galaxies: evolution, Galaxy: abundances, Galaxy: formation, Galaxy: evolution, Galaxy: disk, Astrophysics - Astrophysics of Galaxies, Astrophysics - Cosmology and Nongalactic Astrophysics},
         year = 2014,
        month = dec,
       volume = {572},
          eid = {A92},
        pages = {A92},
          doi = {10.1051/0004-6361/201423487},
archivePrefix = {arXiv},
       eprint = {1401.5796},
 primaryClass = {astro-ph.GA},
       adsurl = {https://ui.adsabs.harvard.edu/abs/2014A&A...572A..92M},
      adsnote = {Provided by the SAO/NASA Astrophysics Data System}
}

% Minchev et al. (2017) 
@ARTICLE{Minchev2017,
       author = {{Minchev}, I. and {Steinmetz}, M. and {Chiappini}, C. and {Martig}, M. and
         {Anders}, F. and {Matijevic}, G. and {de Jong}, R.~S.},
        title = "{The Relationship between Mono-abundance and Mono-age Stellar Populations in the Milky Way Disk}",
      journal = {\apj},
     keywords = {galaxies: formation, galaxies: kinematics and dynamics, galaxies: structure, Galaxy: abundances, Galaxy: disk, Galaxy: evolution, Astrophysics - Astrophysics of Galaxies},
         year = 2017,
        month = jan,
       volume = {834},
       number = {1},
          eid = {27},
        pages = {27},
          doi = {10.3847/1538-4357/834/1/27},
archivePrefix = {arXiv},
       eprint = {1608.04737},
 primaryClass = {astro-ph.GA},
       adsurl = {https://ui.adsabs.harvard.edu/abs/2017ApJ...834...27M},
      adsnote = {Provided by the SAO/NASA Astrophysics Data System}
}

% Molla et al. (2006) 
@ARTICLE{Molla2006,
       author = {{Moll{\'a}}, M. and {V{\'\i}lchez}, J.~M. and {Gavil{\'a}n}, M. and {D{\'\i}az}, A.~I.},
        title = "{The nitrogen-to-oxygen evolution in galaxies: the role of the star formation rate}",
      journal = {\mnras},
     keywords = {galaxies: abundances, galaxies: dwarf, galaxies: evolution, galaxies: irregular, galaxies: spiral, galaxies: stellar content, Astrophysics},
         year = 2006,
        month = nov,
       volume = {372},
       number = {3},
        pages = {1069-1080},
          doi = {10.1111/j.1365-2966.2006.10892.x},
archivePrefix = {arXiv},
       eprint = {astro-ph/0608214},
 primaryClass = {astro-ph},
       adsurl = {https://ui.adsabs.harvard.edu/abs/2006MNRAS.372.1069M},
      adsnote = {Provided by the SAO/NASA Astrophysics Data System}
}

% Munshi et al. (2013) 
@ARTICLE{Munshi2013,
       author = {{Munshi}, Ferah and {Governato}, F. and {Brooks}, A.~M. and {Christensen}, C. and {Shen}, S. and {Loebman}, S. and {Moster}, B. and {Quinn}, T. and {Wadsley}, J.},
        title = "{Reproducing the Stellar Mass/Halo Mass Relation in Simulated {\ensuremath{\Lambda}}CDM Galaxies: Theory versus Observational Estimates}",
      journal = {\apj},
     keywords = {galaxies: evolution, galaxies: formation, Astrophysics - Cosmology and Nongalactic Astrophysics, Astrophysics - Astrophysics of Galaxies},
         year = 2013,
        month = mar,
       volume = {766},
       number = {1},
          eid = {56},
        pages = {56},
          doi = {10.1088/0004-637X/766/1/56},
archivePrefix = {arXiv},
       eprint = {1209.1389},
 primaryClass = {astro-ph.CO},
       adsurl = {https://ui.adsabs.harvard.edu/abs/2013ApJ...766...56M},
      adsnote = {Provided by the SAO/NASA Astrophysics Data System}
}

% Nomoto, Kobayashi & Tominaga (2013) 
@ARTICLE{Nomoto2013,
       author = {{Nomoto}, Ken'ichi and {Kobayashi}, Chiaki and {Tominaga}, Nozomu},
        title = "{Nucleosynthesis in Stars and the Chemical Enrichment of Galaxies}",
      journal = {\araa},
         year = 2013,
        month = aug,
       volume = {51},
       number = {1},
        pages = {457-509},
          doi = {10.1146/annurev-astro-082812-140956},
       adsurl = {https://ui.adsabs.harvard.edu/abs/2013ARA&A..51..457N},
      adsnote = {Provided by the SAO/NASA Astrophysics Data System}
}

% Padovani & Matteucci (1993) 
@ARTICLE{Padovani1993,
       author = {{Padovani}, Paolo and {Matteucci}, Francesca},
        title = "{Stellar Mass Loss in Elliptical Galaxies and the Fueling of Active Galactic Nuclei}",
      journal = {\apj},
     keywords = {GALAXIES: ACTIVE, STARS: MASS LOSS, GALAXIES: ELLIPTICAL AND LENTICULAR, CD, GALAXIES: EVOLUTION, GALAXIES: NUCLEI, GALAXIES: QUASARS: GENERAL},
         year = 1993,
        month = oct,
       volume = {416},
        pages = {26},
          doi = {10.1086/173212},
       adsurl = {https://ui.adsabs.harvard.edu/abs/1993ApJ...416...26P},
      adsnote = {Provided by the SAO/NASA Astrophysics Data System}
}


% Paxton et al. (2011) 
@ARTICLE{Paxton2011,
       author = {{Paxton}, Bill and {Bildsten}, Lars and {Dotter}, Aaron and {Herwig}, Falk and {Lesaffre}, Pierre and {Timmes}, Frank},
        title = "{Modules for Experiments in Stellar Astrophysics (MESA)}",
      journal = {\apjs},
     keywords = {methods: numerical, stars: evolution, stars: general, Astrophysics - Solar and Stellar Astrophysics, Astrophysics - Instrumentation and Methods for Astrophysics},
         year = 2011,
        month = jan,
       volume = {192},
       number = {1},
          eid = {3},
        pages = {3},
          doi = {10.1088/0067-0049/192/1/3},
archivePrefix = {arXiv},
       eprint = {1009.1622},
 primaryClass = {astro-ph.SR},
       adsurl = {https://ui.adsabs.harvard.edu/abs/2011ApJS..192....3P},
      adsnote = {Provided by the SAO/NASA Astrophysics Data System}
}

% Paxton et al. (2013) 
@ARTICLE{Paxton2013,
       author = {{Paxton}, Bill and {Cantiello}, Matteo and {Arras}, Phil and {Bildsten}, Lars and {Brown}, Edward F. and {Dotter}, Aaron and {Mankovich}, Christopher and {Montgomery}, M.~H. and {Stello}, Dennis and {Timmes}, F.~X. and {Townsend}, Richard},
        title = "{Modules for Experiments in Stellar Astrophysics (MESA): Planets, Oscillations, Rotation, and Massive Stars}",
      journal = {\apjs},
     keywords = {asteroseismology, methods: numerical, planets and satellites: physical evolution, stars: evolution, stars: massive, stars: rotation, Astrophysics - Solar and Stellar Astrophysics, Astrophysics - Instrumentation and Methods for Astrophysics},
         year = 2013,
        month = sep,
       volume = {208},
       number = {1},
          eid = {4},
        pages = {4},
          doi = {10.1088/0067-0049/208/1/4},
archivePrefix = {arXiv},
       eprint = {1301.0319},
 primaryClass = {astro-ph.SR},
       adsurl = {https://ui.adsabs.harvard.edu/abs/2013ApJS..208....4P},
      adsnote = {Provided by the SAO/NASA Astrophysics Data System}
}

% Paxton et al. (2015) 
@ARTICLE{Paxton2015,
       author = {{Paxton}, Bill and {Marchant}, Pablo and {Schwab}, Josiah and {Bauer}, Evan B. and {Bildsten}, Lars and {Cantiello}, Matteo and {Dessart}, Luc and {Farmer}, R. and {Hu}, H. and {Langer}, N. and {Townsend}, R.~H.~D. and {Townsley}, Dean M. and {Timmes}, F.~X.},
        title = "{Modules for Experiments in Stellar Astrophysics (MESA): Binaries, Pulsations, and Explosions}",
      journal = {\apjs},
     keywords = {binaries: general, methods: numerical, nuclear reactions, nucleosynthesis, abundances, shock waves, stars: evolution, stars: oscillations, Astrophysics - Solar and Stellar Astrophysics},
         year = 2015,
        month = sep,
       volume = {220},
       number = {1},
          eid = {15},
        pages = {15},
          doi = {10.1088/0067-0049/220/1/15},
archivePrefix = {arXiv},
       eprint = {1506.03146},
 primaryClass = {astro-ph.SR},
       adsurl = {https://ui.adsabs.harvard.edu/abs/2015ApJS..220...15P},
      adsnote = {Provided by the SAO/NASA Astrophysics Data System}
}

% Paxton et al. (2018) 
@ARTICLE{Paxton2018,
       author = {{Paxton}, Bill and {Schwab}, Josiah and {Bauer}, Evan B. and {Bildsten}, Lars and {Blinnikov}, Sergei and {Duffell}, Paul and {Farmer}, R. and {Goldberg}, Jared A. and {Marchant}, Pablo and {Sorokina}, Elena and {Thoul}, Anne and {Townsend}, Richard H.~D. and {Timmes}, F.~X.},
        title = "{Modules for Experiments in Stellar Astrophysics (MESA): Convective Boundaries, Element Diffusion, and Massive Star Explosions}",
      journal = {\apjs},
     keywords = {convection, diffusion, hydrodynamics, methods: numerical, stars: evolution, supernovae: general, Astrophysics - Solar and Stellar Astrophysics, Astrophysics - High Energy Astrophysical Phenomena},
         year = 2018,
        month = feb,
       volume = {234},
       number = {2},
          eid = {34},
        pages = {34},
          doi = {10.3847/1538-4365/aaa5a8},
archivePrefix = {arXiv},
       eprint = {1710.08424},
 primaryClass = {astro-ph.SR},
       adsurl = {https://ui.adsabs.harvard.edu/abs/2018ApJS..234...34P},
      adsnote = {Provided by the SAO/NASA Astrophysics Data System}
}

% Pejcha & Thompson (2015)
@ARTICLE{Pejcha2015,
       author = {{Pejcha}, Ond{\v{r}}ej and {Thompson}, Todd A.},
        title = "{The Landscape of the Neutrino Mechanism of Core-collapse Supernovae: Neutron Star and Black Hole Mass Functions, Explosion Energies, and Nickel Yields}",
      journal = {\apj},
     keywords = {shock waves, stars: black holes, stars: neutron, supernovae: general, Astrophysics - High Energy Astrophysical Phenomena},
         year = 2015,
        month = mar,
       volume = {801},
       number = {2},
          eid = {90},
        pages = {90},
          doi = {10.1088/0004-637X/801/2/90},
archivePrefix = {arXiv},
       eprint = {1409.0540},
 primaryClass = {astro-ph.HE},
       adsurl = {https://ui.adsabs.harvard.edu/abs/2015ApJ...801...90P},
      adsnote = {Provided by the SAO/NASA Astrophysics Data System}
}

% Perez-Montero & Contini (2009)
@ARTICLE{PerezMontero2009,
       author = {{P{\'e}rez-Montero}, Enrique and {Contini}, Thierry},
        title = "{The impact of the nitrogen-to-oxygen ratio on ionized nebula diagnostics based on [NII] emission lines}",
      journal = {\mnras},
     keywords = {ISM: abundances, HII regions, galaxies: abundances, galaxies: starburst, Astrophysics - Cosmology and Nongalactic Astrophysics, Astrophysics - Astrophysics of Galaxies},
         year = 2009,
        month = sep,
       volume = {398},
       number = {2},
        pages = {949-960},
          doi = {10.1111/j.1365-2966.2009.15145.x},
archivePrefix = {arXiv},
       eprint = {0905.4621},
 primaryClass = {astro-ph.CO},
       adsurl = {https://ui.adsabs.harvard.edu/abs/2009MNRAS.398..949P},
      adsnote = {Provided by the SAO/NASA Astrophysics Data System}
}

% Pilyugin, Vilchez & Thuan (2010) 
@ARTICLE{Pilyugin2010,
       author = {{Pilyugin}, Leonid S. and {V{\'\i}lchez}, Jos{\'e} M. and {Thuan}, Trinh X.},
        title = "{New Improved Calibration Relations for the Determination of Electron Temperatures and Oxygen and Nitrogen Abundances in H II Regions}",
      journal = {\apj},
     keywords = {galaxies: abundances, galaxies: evolution, galaxies: ISM, H II regions},
         year = 2010,
        month = sep,
       volume = {720},
       number = {2},
        pages = {1738-1751},
          doi = {10.1088/0004-637X/720/2/1738},
       adsurl = {https://ui.adsabs.harvard.edu/abs/2010ApJ...720.1738P},
      adsnote = {Provided by the SAO/NASA Astrophysics Data System}
}

% Pilyugin, Grebel & Mattsson (2012)
@ARTICLE{Pilyugin2012,
       author = {{Pilyugin}, L.~S. and {Grebel}, E.~K. and {Mattsson}, L.},
        title = "{'Counterpart' method for abundance determinations in H II regions}",
      journal = {\mnras},
     keywords = {ISM: abundances, H II regions, galaxies: abundances, Astrophysics - Cosmology and Nongalactic Astrophysics},
         year = 2012,
        month = aug,
       volume = {424},
       number = {3},
        pages = {2316-2329},
          doi = {10.1111/j.1365-2966.2012.21398.x},
archivePrefix = {arXiv},
       eprint = {1205.5716},
 primaryClass = {astro-ph.CO},
       adsurl = {https://ui.adsabs.harvard.edu/abs/2012MNRAS.424.2316P},
      adsnote = {Provided by the SAO/NASA Astrophysics Data System}
}

% Prantzos & Aubet (1995)
@ARTICLE{Prantzos1995,
       author = {{Prantzos}, N. and {Aubert}, O.},
        title = "{On the chemical evolution of the galactic disk.}",
      journal = {\aap},
     keywords = {NUCLEOSYNTHESIS, GALAXY: EVOLUTION, GALAXY: ABUNDANCES},
         year = 1995,
        month = oct,
       volume = {302},
        pages = {69},
       adsurl = {https://ui.adsabs.harvard.edu/abs/1995A&A...302...69P},
      adsnote = {Provided by the SAO/NASA Astrophysics Data System}
}

% Rogers et al. (2021) 
@ARTICLE{Rogers2021,
       author = {{Rogers}, Noah S.~J. and {Skillman}, Evan D. and {Pogge}, Richard W. and {Berg}, Danielle A. and {Moustakas}, John and {Croxall}, Kevin V. and {Sun}, Jiayi},
        title = "{CHAOS. VI. Direct Abundances in NGC 2403}",
      journal = {\apj},
     keywords = {Chemical abundances, Spiral galaxies, Galaxy evolution, Interstellar medium, H II regions, 224, 1560, 594, 847, 694, Astrophysics - Astrophysics of Galaxies},
         year = 2021,
        month = jul,
       volume = {915},
       number = {1},
          eid = {21},
        pages = {21},
          doi = {10.3847/1538-4357/abf8b9},
archivePrefix = {arXiv},
       eprint = {2105.03437},
 primaryClass = {astro-ph.GA},
       adsurl = {https://ui.adsabs.harvard.edu/abs/2021ApJ...915...21R},
      adsnote = {Provided by the SAO/NASA Astrophysics Data System}
}

% Sanchez (2020) 
@ARTICLE{Sanchez2020,
       author = {{S{\'a}nchez}, Sebasti{\'a}n F.},
        title = "{Spatially Resolved Spectroscopic Properties of Low-Redshift Star-Forming Galaxies}",
      journal = {\araa},
     keywords = {Astrophysics - Astrophysics of Galaxies},
         year = 2020,
        month = aug,
       volume = {58},
        pages = {99-155},
          doi = {10.1146/annurev-astro-012120-013326},
archivePrefix = {arXiv},
       eprint = {1911.06925},
 primaryClass = {astro-ph.GA},
       adsurl = {https://ui.adsabs.harvard.edu/abs/2020ARA&A..58...99S},
      adsnote = {Provided by the SAO/NASA Astrophysics Data System}
}

% Schaefer et al. (2020) 
@ARTICLE{Schaefer2020,
       author = {{Schaefer}, Adam L. and {Tremonti}, Christy and {Belfiore}, Francesco and {Pace}, Zachary and {Bershady}, Matthew A. and {Andrews}, Brett H. and {Drory}, Niv},
        title = "{SDSS-IV MaNGA: Variations in the N/O-O/H Relation Bias Metallicity Gradient Measurements}",
      journal = {\apjl},
     keywords = {1031, 224, 11, 580, 225, Astrophysics - Astrophysics of Galaxies},
         year = 2020,
        month = feb,
       volume = {890},
       number = {1},
          eid = {L3},
        pages = {L3},
          doi = {10.3847/2041-8213/ab6f06},
archivePrefix = {arXiv},
       eprint = {1911.00581},
 primaryClass = {astro-ph.GA},
       adsurl = {https://ui.adsabs.harvard.edu/abs/2020ApJ...890L...3S},
      adsnote = {Provided by the SAO/NASA Astrophysics Data System}
}

% Schoenrich & Binney (2009) 
@ARTICLE{Schoenrich2009, 
       author = {{Sch{\"o}nrich}, Ralph and {Binney}, James},
        title = "{Chemical evolution with radial mixing}",
      journal = {\mnras},
     keywords = {galaxies: abundances, galaxies: evolution, galaxies: ISM, galaxies: kinematics and dynamics, Galaxy: disc, solar neighbourhood, Astrophysics},
         year = "2009",
        month = "Jun",
       volume = {396},
       number = {1},
        pages = {203-222},
          doi = {10.1111/j.1365-2966.2009.14750.x},
archivePrefix = {arXiv},
       eprint = {0809.3006},
 primaryClass = {astro-ph},
       adsurl = {https://ui.adsabs.harvard.edu/abs/2009MNRAS.396..203S},
      adsnote = {Provided by the SAO/NASA Astrophysics Data System}
} 

% Sellwood & Binney (2002) 
@ARTICLE{Sellwood2002,
       author = {{Sellwood}, J.~A. and {Binney}, J.~J.},
        title = "{Radial mixing in galactic discs}",
      journal = {\mnras},
     keywords = {ISM: abundances, Galaxy: abundances, Galaxy: kinematics and dynamics, galaxies: evolution, galaxies: ISM, galaxies: structure, Astrophysics},
         year = 2002,
        month = nov,
       volume = {336},
       number = {3},
        pages = {785-796},
          doi = {10.1046/j.1365-8711.2002.05806.x},
archivePrefix = {arXiv},
       eprint = {astro-ph/0203510},
 primaryClass = {astro-ph},
       adsurl = {https://ui.adsabs.harvard.edu/abs/2002MNRAS.336..785S},
      adsnote = {Provided by the SAO/NASA Astrophysics Data System}
}

% Sharma, Hayden & Bland-Hawthorn (2021) 
@ARTICLE{Sharma2021,
       author = {{Sharma}, Sanjib and {Hayden}, Michael R. and {Bland-Hawthorn}, Joss},
        title = "{Chemical enrichment and radial migration in the Galactic disc - the origin of the [{\ensuremath{\alpha}}Fe] double sequence}",
      journal = {\mnras},
     keywords = {Galaxy: abundances, Galaxy: disc, Galaxy: evolution, Galaxy: formation, Galaxy: structure, Astrophysics - Astrophysics of Galaxies},
         year = 2021,
        month = nov,
       volume = {507},
       number = {4},
        pages = {5882-5901},
          doi = {10.1093/mnras/stab2015},
archivePrefix = {arXiv},
       eprint = {2005.03646},
 primaryClass = {astro-ph.GA},
       adsurl = {https://ui.adsabs.harvard.edu/abs/2021MNRAS.507.5882S},
      adsnote = {Provided by the SAO/NASA Astrophysics Data System}
}


% Silva Aguirre et al. (2018)
@ARTICLE{SilvaAguirre2018,
       author = {{Silva Aguirre}, V. and {Bojsen-Hansen}, M. and {Slumstrup}, D. and
         {Casagrande}, L. and {Kawata}, D. and {Ciuc{\v{a}}}, I. and {Hand
        berg}, R. and {Lund}, M.~N. and {Mosumgaard}, J.~R. and {Huber}, D. and
         {Johnson}, J.~A. and {Pinsonneault}, M.~H. and {Serenelli}, A.~M. and
         {Stello}, D. and {Tayar}, J. and {Bird}, J.~C. and {Cassisi}, S. and
         {Hon}, M. and {Martig}, M. and {Nissen}, P.~E. and {Rix}, H.~W. and
         {Sch{\"o}nrich}, R. and {Sahlholdt}, C. and {Trick}, W.~H. and {Yu}, J.},
        title = "{Confirming chemical clocks: asteroseismic age dissection of the Milky Way disc(s)}",
      journal = {\mnras},
     keywords = {asteroseismology, stars: fundamental parameters, stars: kinematics and dynamic, Galaxy: disc, Galaxy: evolution, Galaxy: structure, Astrophysics - Astrophysics of Galaxies, Astrophysics - Solar and Stellar Astrophysics},
         year = "2018",
        month = "Apr",
       volume = {475},
       number = {4},
        pages = {5487-5500},
          doi = {10.1093/mnras/sty150},
archivePrefix = {arXiv},
       eprint = {1710.09847},
 primaryClass = {astro-ph.GA},
       adsurl = {https://ui.adsabs.harvard.edu/abs/2018MNRAS.475.5487S},
      adsnote = {Provided by the SAO/NASA Astrophysics Data System}
}

% Skillman et al. (2020)
@ARTICLE{Skillman2020,
       author = {{Skillman}, Evan D. and {Berg}, Danielle A. and {Pogge}, Richard W. and {Moustakas}, John and {Rogers}, Noah S.~J. and {Croxall}, Kevin V.},
        title = "{CHAOS V: Recombination Line Carbon Abundances in M 101}",
      journal = {\apj},
     keywords = {Interstellar medium, H II regions, Chemical abundances, Spiral galaxies, 847, 694, 224, 1560, Astrophysics - Astrophysics of Galaxies},
         year = 2020,
        month = may,
       volume = {894},
       number = {2},
          eid = {138},
        pages = {138},
          doi = {10.3847/1538-4357/ab86ae},
archivePrefix = {arXiv},
       eprint = {2004.10765},
 primaryClass = {astro-ph.GA},
       adsurl = {https://ui.adsabs.harvard.edu/abs/2020ApJ...894..138S},
      adsnote = {Provided by the SAO/NASA Astrophysics Data System}
}

% Souto et al. (2018) 
@ARTICLE{Souto2018,
       author = {{Souto}, Diogo and {Cunha}, Katia and {Smith}, Verne V. and {Allende Prieto}, C. and {Garc{\'\i}a-Hern{\'a}ndez}, D.~A. and {Pinsonneault}, Marc and {Holzer}, Parker and {Frinchaboy}, Peter and {Holtzman}, Jon and {Johnson}, J.~A. and {J{\"o}nsson}, Henrik and {Majewski}, Steven R. and {Shetrone}, Matthew and {Sobeck}, Jennifer and {Stringfellow}, Guy and {Teske}, Johanna and {Zamora}, Olga and {Zasowski}, Gail and {Carrera}, Ricardo and {Stassun}, Keivan and {Fernandez-Trincado}, J.~G. and {Villanova}, Sandro and {Minniti}, Dante and {Santana}, Felipe},
        title = "{Chemical Abundances of Main-sequence, Turnoff, Subgiant, and Red Giant Stars from APOGEE Spectra. I. Signatures of Diffusion in the Open Cluster M67}",
      journal = {\apj},
     keywords = {diffusion, infrared: stars, open clusters and associations: general, stars: abundances, Astrophysics - Solar and Stellar Astrophysics},
         year = 2018,
        month = apr,
       volume = {857},
       number = {1},
          eid = {14},
        pages = {14},
          doi = {10.3847/1538-4357/aab612},
archivePrefix = {arXiv},
       eprint = {1803.04461},
 primaryClass = {astro-ph.SR},
       adsurl = {https://ui.adsabs.harvard.edu/abs/2018ApJ...857...14S},
      adsnote = {Provided by the SAO/NASA Astrophysics Data System}
}

% Souto et al. (2019) 
@ARTICLE{Souto2019,
       author = {{Souto}, Diogo and {Allende Prieto}, C. and {Cunha}, Katia and {Pinsonneault}, Marc and {Smith}, Verne V. and {Garcia-Dias}, R. and {Bovy}, Jo and {Garc{\'\i}a-Hern{\'a}ndez}, D.~A. and {Holtzman}, Jon and {Johnson}, J.~A. and {J{\"o}nsson}, Henrik and {Majewski}, Steve R. and {Shetrone}, Matthew and {Sobeck}, Jennifer and {Zamora}, Olga and {Pan}, Kaike and {Nitschelm}, Christian},
        title = "{Chemical Abundances of Main-sequence, Turnoff, Subgiant, and Red Giant Stars from APOGEE Spectra. II. Atomic Diffusion in M67 Stars}",
      journal = {\apj},
     keywords = {diffusion, infrared: stars, open clusters and associations: general, stars: abundances, Astrophysics - Solar and Stellar Astrophysics},
         year = 2019,
        month = mar,
       volume = {874},
       number = {1},
          eid = {97},
        pages = {97},
          doi = {10.3847/1538-4357/ab0b43},
archivePrefix = {arXiv},
       eprint = {1902.10199},
 primaryClass = {astro-ph.SR},
       adsurl = {https://ui.adsabs.harvard.edu/abs/2019ApJ...874...97S},
      adsnote = {Provided by the SAO/NASA Astrophysics Data System}
}

% Spitoni et al. (2019)
@ARTICLE{Spitoni2019,
       author = {{Spitoni}, E. and {Silva Aguirre}, V. and {Matteucci}, F. and {Calura}, F. and {Grisoni}, V.},
        title = "{Galactic Archaeology with asteroseismic ages: Evidence for delayed gas infall in the formation of the Milky Way disc}",
      journal = {\aap},
     keywords = {Galaxy: abundances, Galaxy: evolution, ISM: general, asteroseismology, Astrophysics - Astrophysics of Galaxies},
         year = 2019,
        month = mar,
       volume = {623},
          eid = {A60},
        pages = {A60},
          doi = {10.1051/0004-6361/201834188},
archivePrefix = {arXiv},
       eprint = {1809.00914},
 primaryClass = {astro-ph.GA},
       adsurl = {https://ui.adsabs.harvard.edu/abs/2019A&A...623A..60S},
      adsnote = {Provided by the SAO/NASA Astrophysics Data System}
}

% Spitoni et al. (2021)
@ARTICLE{Spitoni2021,
       author = {{Spitoni}, E. and {Verma}, K. and {Silva Aguirre}, V. and {Vincenzo}, F. and {Matteucci}, F. and {Vai{\v{c}}ekauskait{\.{e}}}, B. and {Palla}, M. and {Grisoni}, V. and {Calura}, F.},
        title = "{APOGEE DR16: A multi-zone chemical evolution model for the Galactic disc based on MCMC methods}",
      journal = {\aap},
     keywords = {Galaxy: abundances, Galaxy: evolution, ISM: general, methods: statistical, Astrophysics - Astrophysics of Galaxies},
         year = 2021,
        month = mar,
       volume = {647},
          eid = {A73},
        pages = {A73},
          doi = {10.1051/0004-6361/202039864},
archivePrefix = {arXiv},
       eprint = {2101.08803},
 primaryClass = {astro-ph.GA},
       adsurl = {https://ui.adsabs.harvard.edu/abs/2021A&A...647A..73S},
      adsnote = {Provided by the SAO/NASA Astrophysics Data System}
}

% Sukhbold et al. (2016) 
@ARTICLE{Sukhbold2016,
       author = {{Sukhbold}, Tuguldur and {Ertl}, T. and {Woosley}, S.~E. and {Brown}, Justin M. and {Janka}, H. -T.},
        title = "{Core-collapse Supernovae from 9 to 120 Solar Masses Based on Neutrino-powered Explosions}",
      journal = {\apj},
     keywords = {nuclear reactions, nucleosynthesis, abundances, stars: black holes, stars: massive, stars: neutron, supernovae: general, Astrophysics - High Energy Astrophysical Phenomena, Astrophysics - Solar and Stellar Astrophysics},
         year = 2016,
        month = apr,
       volume = {821},
       number = {1},
          eid = {38},
        pages = {38},
          doi = {10.3847/0004-637X/821/1/38},
archivePrefix = {arXiv},
       eprint = {1510.04643},
 primaryClass = {astro-ph.HE},
       adsurl = {https://ui.adsabs.harvard.edu/abs/2016ApJ...821...38S},
      adsnote = {Provided by the SAO/NASA Astrophysics Data System}
}

% Suliga, Shalgar & Fuller (2020) 
@ARTICLE{Suliga2020,
       author = {{Suliga}, Anna M. and {Shalgar}, Shashank and {Fuller}, George M.},
        title = "{A closer look at the $pp$-chain reaction in the Sun: Constraining the coupling of light mediators to protons}",
      journal = {arXiv e-prints},
     keywords = {Astrophysics - High Energy Astrophysical Phenomena, High Energy Physics - Phenomenology},
         year = 2020,
        month = dec,
          eid = {arXiv:2012.11620},
        pages = {arXiv:2012.11620},
archivePrefix = {arXiv},
       eprint = {2012.11620},
 primaryClass = {astro-ph.HE},
       adsurl = {https://ui.adsabs.harvard.edu/abs/2020arXiv201211620S},
      adsnote = {Provided by the SAO/NASA Astrophysics Data System}
}

% Tacconi et al. (2018) 
@ARTICLE{Tacconi2018,
       author = {{Tacconi}, L.~J. and {Genzel}, R. and {Saintonge}, A. and {Combes}, F. and
         {Garc{\'\i}a-Burillo}, S. and {Neri}, R. and {Bolatto}, A. and
         {Contini}, T. and {F{\"o}rster Schreiber}, N.~M. and {Lilly}, S. and
         {Lutz}, D. and {Wuyts}, S. and {Accurso}, G. and {Boissier}, J. and
         {Boone}, F. and {Bouch{\'e}}, N. and {Bournaud}, F. and {Burkert}, A. and
         {Carollo}, M. and {Cooper}, M. and {Cox}, P. and {Feruglio}, C. and
         {Freundlich}, J. and {Herrera-Camus}, R. and {Juneau}, S. and
         {Lippa}, M. and {Naab}, T. and {Renzini}, A. and {Salome}, P. and
         {Sternberg}, A. and {Tadaki}, K. and {{\"U}bler}, H. and {Walter}, F. and
         {Weiner}, B. and {Weiss}, A.},
        title = "{PHIBSS: Unified Scaling Relations of Gas Depletion Time and Molecular Gas Fractions}",
      journal = {\apj},
     keywords = {galaxies: evolution, galaxies: high-redshift, galaxies: kinematics and dynamics, infrared: galaxies, Astrophysics - Astrophysics of Galaxies},
         year = 2018,
        month = feb,
       volume = {853},
       number = {2},
          eid = {179},
        pages = {179},
          doi = {10.3847/1538-4357/aaa4b4},
archivePrefix = {arXiv},
       eprint = {1702.01140},
 primaryClass = {astro-ph.GA},
       adsurl = {https://ui.adsabs.harvard.edu/abs/2018ApJ...853..179T},
      adsnote = {Provided by the SAO/NASA Astrophysics Data System}
}

% van Zee et al. (1998)
@ARTICLE{vanZee1998,
       author = {{\noopsort{Vanzee}{van Zee}}, Liese and {Salzer}, John J. and {Haynes}, Martha P.},
        title = "{Abundances in Spiral Galaxies: Evidence for Primary Nitrogen Production}",
      journal = {\apjl},
     keywords = {GALAXIES: ABUNDANCES, GALAXIES: ISM, GALAXIES: SPIRAL, Galaxies: Abundances, Galaxies: ISM, Galaxies: Spiral, Astrophysics},
         year = 1998,
        month = apr,
       volume = {497},
       number = {1},
        pages = {L1-L4},
          doi = {10.1086/311263},
archivePrefix = {arXiv},
       eprint = {astro-ph/9802147},
 primaryClass = {astro-ph},
       adsurl = {https://ui.adsabs.harvard.edu/abs/1998ApJ...497L...1V},
      adsnote = {Provided by the SAO/NASA Astrophysics Data System}
}

% Vassiliadis & Wood (1993)
@ARTICLE{Vassiliadis1993,
       author = {{Vassiliadis}, E. and {Wood}, P.~R.},
        title = "{Evolution of Low- and Intermediate-Mass Stars to the End of the Asymptotic Giant Branch with Mass Loss}",
      journal = {\apj},
     keywords = {Asymptotic Giant Branch Stars, Metallicity, Stellar Evolution, Stellar Mass Ejection, Stellar Luminosity, Stellar Mass, Stellar Winds, Astrophysics, STARS: AGB AND POST-AGB, STARS: EVOLUTION, STARS: INTERIORS, STARS: MASS LOSS},
         year = 1993,
        month = aug,
       volume = {413},
        pages = {641},
          doi = {10.1086/173033},
       adsurl = {https://ui.adsabs.harvard.edu/abs/1993ApJ...413..641V},
      adsnote = {Provided by the SAO/NASA Astrophysics Data System}
}

% Ventura et al. (2013) 
@ARTICLE{Ventura2013,
       author = {{Ventura}, P. and {Di Criscienzo}, M. and {Carini}, R. and {D'Antona}, F.},
        title = "{Yields of AGB and SAGB models with chemistry of low- and high-metallicity globular clusters}",
      journal = {\mnras},
     keywords = {stars: abundances, stars: AGB and post-AGB, stars: evolution, Astrophysics - Solar and Stellar Astrophysics},
         year = 2013,
        month = jun,
       volume = {431},
       number = {4},
        pages = {3642-3653},
          doi = {10.1093/mnras/stt444},
archivePrefix = {arXiv},
       eprint = {1303.3912},
 primaryClass = {astro-ph.SR},
       adsurl = {https://ui.adsabs.harvard.edu/abs/2013MNRAS.431.3642V},
      adsnote = {Provided by the SAO/NASA Astrophysics Data System}
}

% Ventura et al. (2014)
@ARTICLE{Ventura2014,
       author = {{Ventura}, P. and {di Criscienzo}, M. and {D'Antona}, F. and {Vesperini}, E. and {Tailo}, M. and {Dell'Agli}, F. and {D'Ercole}, A.},
        title = "{The formation of multiple populations in the globular cluster 47 Tuc}",
      journal = {\mnras},
     keywords = {stars: abundances, stars: AGB and post-AGB, globular clusters: general, Astrophysics - Solar and Stellar Astrophysics},
         year = 2014,
        month = feb,
       volume = {437},
       number = {4},
        pages = {3274-3282},
          doi = {10.1093/mnras/stt2126},
archivePrefix = {arXiv},
       eprint = {1311.0683},
 primaryClass = {astro-ph.SR},
       adsurl = {https://ui.adsabs.harvard.edu/abs/2014MNRAS.437.3274V},
      adsnote = {Provided by the SAO/NASA Astrophysics Data System}
}

% Ventura et al. (2018)
@ARTICLE{Ventura2018,
       author = {{Ventura}, P. and {Karakas}, A. and {Dell'Agli}, F. and {Garc{\'\i}a-Hern{\'a}ndez}, D.~A. and {Guzman-Ramirez}, L.},
        title = "{Gas and dust from solar metallicity AGB stars}",
      journal = {\mnras},
     keywords = {stars: abundances, stars: AGB and post-AGB, stars: carbon, Astrophysics - Solar and Stellar Astrophysics},
         year = 2018,
        month = apr,
       volume = {475},
       number = {2},
        pages = {2282-2305},
          doi = {10.1093/mnras/stx3338},
archivePrefix = {arXiv},
       eprint = {1712.08582},
 primaryClass = {astro-ph.SR},
       adsurl = {https://ui.adsabs.harvard.edu/abs/2018MNRAS.475.2282V},
      adsnote = {Provided by the SAO/NASA Astrophysics Data System}
}

% Ventura et al. (2020)
@ARTICLE{Ventura2020,
       author = {{Ventura}, P. and {Dell'Agli}, F. and {Lugaro}, M. and {Romano}, D. and {Tailo}, M. and {Yag{\"u}e}, A.},
        title = "{Gas and dust from metal-rich AGB stars}",
      journal = {\aap},
     keywords = {stars: AGB and post-AGB, stars: evolution, stars: abundances, stars: winds, outflows, Astrophysics - Solar and Stellar Astrophysics},
         year = 2020,
        month = sep,
       volume = {641},
          eid = {A103},
        pages = {A103},
          doi = {10.1051/0004-6361/202038289},
archivePrefix = {arXiv},
       eprint = {2007.02120},
 primaryClass = {astro-ph.SR},
       adsurl = {https://ui.adsabs.harvard.edu/abs/2020A&A...641A.103V},
      adsnote = {Provided by the SAO/NASA Astrophysics Data System}
}

% Vila-Costas & Edmunds (1993)
@ARTICLE{VilaCostas1993,
       author = {{Vila-Costas}, M.~B. and {Edmunds}, M.~G.},
        title = "{The nitrogen-to-oxygen ratio in galaxies and its implications for the origin of nitrogen.}",
      journal = {\mnras},
         year = 1993,
        month = nov,
       volume = {265},
        pages = {199-212},
          doi = {10.1093/mnras/265.1.199},
       adsurl = {https://ui.adsabs.harvard.edu/abs/1993MNRAS.265..199V},
      adsnote = {Provided by the SAO/NASA Astrophysics Data System}
}

% Vincenzo et al. (2016a) 
@ARTICLE{Vincenzo2016a,
       author = {{Vincenzo}, F. and {Belfiore}, F. and {Maiolino}, R. and {Matteucci}, F. and {Ventura}, P.},
        title = "{Nitrogen and oxygen abundances in the Local Universe}",
      journal = {\mnras},
     keywords = {stars: abundances, ISM: abundances, ISM: evolution, galaxies: abundances, galaxies: evolution, galaxies: ISM, Astrophysics - Astrophysics of Galaxies},
         year = 2016,
        month = jun,
       volume = {458},
       number = {4},
        pages = {3466-3477},
          doi = {10.1093/mnras/stw532},
archivePrefix = {arXiv},
       eprint = {1603.00460},
 primaryClass = {astro-ph.GA},
       adsurl = {https://ui.adsabs.harvard.edu/abs/2016MNRAS.458.3466V},
      adsnote = {Provided by the SAO/NASA Astrophysics Data System}
}

% Vincenzo et al. (2016b) 
@ARTICLE{Vincenzo2016b,
       author = {{Vincenzo}, F. and {Matteucci}, F. and {de Boer}, T.~J.~L. and {Cignoni}, M. and {Tosi}, M.},
        title = "{Lighting up stars in chemical evolution models: the CMD of Sculptor}",
      journal = {\mnras},
     keywords = {stars: abundances, Hertzsprung-Russell and colour-magnitude diagrams, galaxies: dwarf, Local Group, galaxies: stellar content, Astrophysics - Astrophysics of Galaxies},
         year = 2016,
        month = aug,
       volume = {460},
       number = {2},
        pages = {2238-2244},
          doi = {10.1093/mnras/stw1145},
archivePrefix = {arXiv},
       eprint = {1605.03606},
 primaryClass = {astro-ph.GA},
       adsurl = {https://ui.adsabs.harvard.edu/abs/2016MNRAS.460.2238V},
      adsnote = {Provided by the SAO/NASA Astrophysics Data System}
}

% Vincenzo & Kobayashi (2018)
@ARTICLE{Vincenzo2018,
       author = {{Vincenzo}, Fiorenzo and {Kobayashi}, Chiaki},
        title = "{Evolution of N/O ratios in galaxies from cosmological hydrodynamical simulations}",
      journal = {\mnras},
     keywords = {hydrodynamics, stars: abundances, ISM: abundances, galaxies: abundances, galaxies: evolution, Astrophysics - Astrophysics of Galaxies},
         year = 2018,
        month = jul,
       volume = {478},
       number = {1},
        pages = {155-166},
          doi = {10.1093/mnras/sty1047},
archivePrefix = {arXiv},
       eprint = {1801.07911},
 primaryClass = {astro-ph.GA},
       adsurl = {https://ui.adsabs.harvard.edu/abs/2018MNRAS.478..155V},
      adsnote = {Provided by the SAO/NASA Astrophysics Data System}
}

% Vincenzo & Kobayashi (2020) 
@ARTICLE{Vincenzo2020,
       author = {{Vincenzo}, Fiorenzo and {Kobayashi}, Chiaki},
        title = "{Stellar migrations and metal flows - Chemical evolution of the thin disc of a simulated Milky Way analogous galaxy}",
      journal = {\mnras},
     keywords = {stars: abundances, galaxies: abundances, ISM: abundances, galaxies: evolution, Astrophysics - Astrophysics of Galaxies},
         year = 2020,
        month = jul,
       volume = {496},
       number = {1},
        pages = {80-94},
          doi = {10.1093/mnras/staa1451},
archivePrefix = {arXiv},
       eprint = {2004.08050},
 primaryClass = {astro-ph.GA},
       adsurl = {https://ui.adsabs.harvard.edu/abs/2020MNRAS.496...80V},
      adsnote = {Provided by the SAO/NASA Astrophysics Data System}
}

% Vincenzo et al. (2021) 
@ARTICLE{Vincenzo2021,
       author = {{Vincenzo}, Fiorenzo and {Weinberg}, David H. and {Montalb{\'a}n}, Josefina and {Miglio}, Andrea and {Khan}, Saniya and {Griffith}, Emily J. and {Hasselquist}, Sten and {Johnson}, James W. and {Johnson}, Jennifer A. and {Nitschelm}, Christian and {Pinsonneault}, Marc H.},
        title = "{CNO dredge-up in a sample of APOGEE/Kepler red giants: Tests of stellar models and Galactic evolutionary trends of N/O and C/N}",
      journal = {arXiv e-prints},
     keywords = {Astrophysics - Astrophysics of Galaxies, Astrophysics - Solar and Stellar Astrophysics},
         year = 2021,
        month = jun,
          eid = {arXiv:2106.03912},
        pages = {arXiv:2106.03912},
archivePrefix = {arXiv},
       eprint = {2106.03912},
 primaryClass = {astro-ph.GA},
       adsurl = {https://ui.adsabs.harvard.edu/abs/2021arXiv210603912V},
      adsnote = {Provided by the SAO/NASA Astrophysics Data System}
}

% Wadsley et al. (2004) 
@ARTICLE{Wadsley2004,
       author = {{Wadsley}, J.~W. and {Stadel}, J. and {Quinn}, T.},
        title = "{Gasoline: a flexible, parallel implementation of TreeSPH}",
      journal = {\na},
     keywords = {02.60.Cb, 95.30.Lz, 95.35.+d, Numerical simulation, solution of equations, Hydrodynamics, Dark matter, Hydrodynamics, Methods: numerical, Methods: n-body simulations, Dark matter, Astrophysics},
         year = 2004,
        month = feb,
       volume = {9},
       number = {2},
        pages = {137-158},
          doi = {10.1016/j.newast.2003.08.004},
archivePrefix = {arXiv},
       eprint = {astro-ph/0303521},
 primaryClass = {astro-ph},
       adsurl = {https://ui.adsabs.harvard.edu/abs/2004NewA....9..137W},
      adsnote = {Provided by the SAO/NASA Astrophysics Data System}
}

% Warfield et al. (2021) 
@ARTICLE{Warfield2021,
       author = {{Warfield}, Jack T. and {Zinn}, Joel C. and {Pinsonneault}, Marc H. and {Johnson}, Jennifer A. and {Stello}, Dennis and {Elsworth}, Yvonne and {Garc{\'\i}a}, Rafael A. and {Kallinger}, Thomas and {Mathur}, Savita and {Mosser}, Beno{\^\i}t and {Beaton}, Rachael L. and {Garc{\'\i}a-Hern{\'a}ndez}, D.~A.},
        title = "{An Intermediate-age Alpha-rich Galactic Population in K2}",
      journal = {\aj},
     keywords = {Stellar ages, Stellar abundances, Asteroseismology, Galaxy evolution, Galaxy formation, Milky Way formation, Galaxy stellar content, Red giant stars, Surveys, 1581, 1577, 73, 594, 595, 1053, 621, 1372, 1671, Astrophysics - Astrophysics of Galaxies, Astrophysics - Solar and Stellar Astrophysics},
         year = 2021,
        month = mar,
       volume = {161},
       number = {3},
          eid = {100},
        pages = {100},
          doi = {10.3847/1538-3881/abd39d},
archivePrefix = {arXiv},
       eprint = {2102.03377},
 primaryClass = {astro-ph.GA},
       adsurl = {https://ui.adsabs.harvard.edu/abs/2021AJ....161..100W},
      adsnote = {Provided by the SAO/NASA Astrophysics Data System}
}

% Weinberg, Andrews & Freudenburg (2017) 
@ARTICLE{Weinberg2017,
       author = {{Weinberg}, David H. and {Andrews}, Brett H. and {Freudenburg}, Jenna},
        title = "{Equilibrium and Sudden Events in Chemical Evolution}",
      journal = {\apj},
     keywords = {galaxies: abundances, galaxies: evolution, Astrophysics - Astrophysics of Galaxies},
         year = 2017,
        month = mar,
       volume = {837},
       number = {2},
          eid = {183},
        pages = {183},
          doi = {10.3847/1538-4357/837/2/183},
archivePrefix = {arXiv},
       eprint = {1604.07435},
 primaryClass = {astro-ph.GA},
       adsurl = {https://ui.adsabs.harvard.edu/abs/2017ApJ...837..183W},
      adsnote = {Provided by the SAO/NASA Astrophysics Data System}
}

% Weinberg et al. (2019)
@ARTICLE{Weinberg2019,
       author = {{Weinberg}, David H. and {Holtzman}, Jon A. and {Hasselquist}, Sten and {Bird}, Jonathan C. and {Johnson}, Jennifer A. and {Shetrone}, Matthew and {Sobeck}, Jennifer and {Allende Prieto}, Carlos and {Bizyaev}, Dmitry and {Carrera}, Ricardo and {Cohen}, Roger E. and {Cunha}, Katia and {Ebelke}, Garrett and {Fernandez-Trincado}, J.~G. and {Garc{\'\i}a-Hern{\'a}ndez}, D.~A. and {Hayes}, Christian R. and {J{\"o}nsson}, Henrik and {Lane}, Richard R. and {Majewski}, Steven R. and {Malanushenko}, Viktor and {M{\'e}sz{\'a}ros}, Szabolcs and {Nidever}, David L. and {Nitschelm}, Christian and {Pan}, Kaike and {Rix}, Hans-Walter and {Rybizki}, Jan and {Schiavon}, Ricardo P. and {Schneider}, Donald P. and {Wilson}, John C. and {Zamora}, Olga},
        title = "{Chemical Cartography with APOGEE: Multi-element Abundance Ratios}",
      journal = {\apj},
     keywords = {Galaxy: abundances, Galaxy: disk, nuclear reactions, nucleosynthesis, abundances, stars: abundances, Astrophysics - Astrophysics of Galaxies},
         year = 2019,
        month = mar,
       volume = {874},
       number = {1},
          eid = {102},
        pages = {102},
          doi = {10.3847/1538-4357/ab07c7},
archivePrefix = {arXiv},
       eprint = {1810.12325},
 primaryClass = {astro-ph.GA},
       adsurl = {https://ui.adsabs.harvard.edu/abs/2019ApJ...874..102W},
      adsnote = {Provided by the SAO/NASA Astrophysics Data System}
}

% Weinberg et al. (2021)
@ARTICLE{Weinberg2021,
       author = {{Weinberg}, David H. and {Holtzman}, Jon A. and {Johnson}, Jennifer A. and {Hayes}, Christian and {Hasselquist}, Sten and {Shetrone}, Matthew and {Ting}, Yuan-Sen and {Beaton}, Rachael L. and {Beers}, Timothy C. and {Bird}, Jonathan C. and {Bizyaev}, Dmitry and {Blanton}, Michael R. and {Cunha}, Katia and {Fernandez-Trincado}, Jose G. and {Frinchaboy}, Peter M. and {Garcia-Hernandez}, D.~A. and {Griffith}, Emily and {Johnson}, James W. and {Jonsson}, Henrik and {Lane}, Richard R. and {Leung}, Henry W. and {Mackereth}, J. Ted and {Majewski}, Steven R. and {Meszaros}, Szabolcz and {Nitschelm}, Christian and {Pan}, Kaike and {Schiavon}, Ricardo P. and {Schneider}, Donald P. and {Schultheis}, Mathias and {Smith}, Verne and {Sobeck}, Jennifer S. and {Stassun}, Keivan G. and {Stringfellow}, Guy S. and {Vincenzo}, Fiorenzo and {Wilson}, John C. and {Zasowski}, Gail},
        title = "{Chemical Cartography with APOGEE: Mapping Disk Populations with a Two-Process Model and Residual Abundances}",
      journal = {arXiv e-prints},
     keywords = {Astrophysics - Astrophysics of Galaxies},
         year = 2021,
        month = aug,
          eid = {arXiv:2108.08860},
        pages = {arXiv:2108.08860},
archivePrefix = {arXiv},
       eprint = {2108.08860},
 primaryClass = {astro-ph.GA},
       adsurl = {https://ui.adsabs.harvard.edu/abs/2021arXiv210808860W},
      adsnote = {Provided by the SAO/NASA Astrophysics Data System}
}

% Woosley & Weaver (1995) 
@ARTICLE{Woosley1995,
       author = {{Woosley}, S.~E. and {Weaver}, Thomas A.},
        title = "{The Evolution and Explosion of Massive Stars. II. Explosive Hydrodynamics and Nucleosynthesis}",
      journal = {\apjs},
     keywords = {HYDRODYNAMICS, NUCLEAR REACTIONS, NUCLEOSYNTHESIS, ABUNDANCES, STARS: EVOLUTION, STARS: INTERIORS, STARS: SUPERNOVAE: GENERAL},
         year = 1995,
        month = nov,
       volume = {101},
        pages = {181},
          doi = {10.1086/192237},
       adsurl = {https://ui.adsabs.harvard.edu/abs/1995ApJS..101..181W},
      adsnote = {Provided by the SAO/NASA Astrophysics Data System}
}

% Wyse & Silk (1989)
@ARTICLE{Wyse1989,
       author = {{Wyse}, Rosemary F.~G. and {Silk}, Joseph},
        title = "{Star Formation Rates and Abundance Gradients in Disk Galaxies}",
      journal = {\apj},
     keywords = {Abundance, Disk Galaxies, Galactic Evolution, Star Formation Rate, Chemical Evolution, Galactic Structure, Metallicity, Solar Neighborhood, Stellar Mass Accretion, Astrophysics, GALAXIES: EVOLUTION, GALAXIES: STELLAR CONTENT, STARS: FORMATION},
         year = 1989,
        month = apr,
       volume = {339},
        pages = {700},
          doi = {10.1086/167329},
       adsurl = {https://ui.adsabs.harvard.edu/abs/1989ApJ...339..700W},
      adsnote = {Provided by the SAO/NASA Astrophysics Data System}
}

% Yong et al. (2016) 
@ARTICLE{Yong2016,
       author = {{Yong}, David and {Casagrande}, Luca and {Venn}, Kim A. and {Chen{\'e}}, Andr{\'e}-Nicolas and {Keown}, Jared and {Malo}, Lison and {Martioli}, Eder and {Alves-Brito}, Alan and {Asplund}, Martin and {Dotter}, Aaron and {Martell}, Sarah L. and {Mel{\'e}ndez}, Jorge and {Schlesinger}, Katharine J.},
        title = "{GRACES observations of young [{\ensuremath{\alpha}}/Fe]-rich stars}",
      journal = {\mnras},
     keywords = {techniques: radial velocities, stars: abundances, Astrophysics - Solar and Stellar Astrophysics},
         year = 2016,
        month = jun,
       volume = {459},
       number = {1},
        pages = {487-495},
          doi = {10.1093/mnras/stw676},
archivePrefix = {arXiv},
       eprint = {1603.07034},
 primaryClass = {astro-ph.SR},
       adsurl = {https://ui.adsabs.harvard.edu/abs/2016MNRAS.459..487Y},
      adsnote = {Provided by the SAO/NASA Astrophysics Data System}
}

% Zahn (1992) 
@ARTICLE{Zahn1992,
       author = {{Zahn}, J. -P.},
        title = "{Circulation and turbulence in rotating stars.}",
      journal = {\aap},
     keywords = {Meridional Flow, Stellar Interiors, Stellar Physics, Stellar Rotation, Turbulence, Angular Momentum, Momentum Transfer, Stellar Composition, Stellar Models, Astrophysics},
         year = 1992,
        month = nov,
       volume = {265},
        pages = {115-132},
       adsurl = {https://ui.adsabs.harvard.edu/abs/1992A&A...265..115Z},
      adsnote = {Provided by the SAO/NASA Astrophysics Data System}
}

% Zolotov et al. (2012) 
@ARTICLE{Zolotov2012,
       author = {{Zolotov}, Adi and {Brooks}, Alyson M. and {Willman}, Beth and
         {Governato}, Fabio and {Pontzen}, Andrew and {Christensen}, Charlotte and
         {Dekel}, Avishai and {Quinn}, Tom and {Shen}, Sijing and
         {Wadsley}, James},
        title = "{Baryons Matter: Why Luminous Satellite Galaxies have Reduced Central Masses}",
      journal = {\apj},
     keywords = {galaxies: dwarf, Galaxy: halo, Astrophysics - Cosmology and Nongalactic Astrophysics},
         year = 2012,
        month = dec,
       volume = {761},
       number = {1},
          eid = {71},
        pages = {71},
          doi = {10.1088/0004-637X/761/1/71},
archivePrefix = {arXiv},
       eprint = {1207.0007},
 primaryClass = {astro-ph.CO},
       adsurl = {https://ui.adsabs.harvard.edu/abs/2012ApJ...761...71Z},
      adsnote = {Provided by the SAO/NASA Astrophysics Data System}
}
