
% Cristallo et al. (2011) 
@ARTICLE{Cristallo2011,
       author = {{Cristallo}, S. and {Piersanti}, L. and {Straniero}, O. and {Gallino}, R. and {Dom{\'\i}nguez}, I. and {Abia}, C. and {Di Rico}, G. and {Quintini}, M. and {Bisterzo}, S.},
        title = "{Evolution, Nucleosynthesis, and Yields of Low-mass Asymptotic Giant Branch Stars at Different Metallicities. II. The FRUITY Database}",
      journal = {\apjs},
     keywords = {nuclear reactions, nucleosynthesis, abundances, stars: AGB and post-AGB, Astrophysics - Solar and Stellar Astrophysics},
         year = 2011,
        month = dec,
       volume = {197},
       number = {2},
          eid = {17},
        pages = {17},
          doi = {10.1088/0067-0049/197/2/17},
archivePrefix = {arXiv},
       eprint = {1109.1176},
 primaryClass = {astro-ph.SR},
       adsurl = {https://ui.adsabs.harvard.edu/abs/2011ApJS..197...17C},
      adsnote = {Provided by the SAO/NASA Astrophysics Data System}
}

% Johnson & Weinberg (2020) 
@ARTICLE{Johnson2020,
       author = {{Johnson}, James W. and {Weinberg}, David H.},
        title = "{The impact of starbursts on element abundance ratios}",
      journal = {\mnras},
     keywords = {methods: numerical, galaxies: abundances, galaxies: evolution, galaxies: star formation, galaxies: stellar content, Astrophysics - Astrophysics of Galaxies},
         year = 2020,
        month = oct,
       volume = {498},
       number = {1},
        pages = {1364-1381},
          doi = {10.1093/mnras/staa2431},
archivePrefix = {arXiv},
       eprint = {1911.02598},
 primaryClass = {astro-ph.GA},
       adsurl = {https://ui.adsabs.harvard.edu/abs/2020MNRAS.498.1364J},
      adsnote = {Provided by the SAO/NASA Astrophysics Data System}
}

% Weinberg, Andrews & Freudenburg (2017) 
@ARTICLE{Weinberg2017,
       author = {{Weinberg}, David H. and {Andrews}, Brett H. and {Freudenburg}, Jenna},
        title = "{Equilibrium and Sudden Events in Chemical Evolution}",
      journal = {\apj},
     keywords = {galaxies: abundances, galaxies: evolution, Astrophysics - Astrophysics of Galaxies},
         year = 2017,
        month = mar,
       volume = {837},
       number = {2},
          eid = {183},
        pages = {183},
          doi = {10.3847/1538-4357/837/2/183},
archivePrefix = {arXiv},
       eprint = {1604.07435},
 primaryClass = {astro-ph.GA},
       adsurl = {https://ui.adsabs.harvard.edu/abs/2017ApJ...837..183W},
      adsnote = {Provided by the SAO/NASA Astrophysics Data System}
}
